%YAML 1.1
%TAG !u! tag:unity3d.com,2011:
--- !u!1 &3926481487932087646
GameObject:
  m_ObjectHideFlags: 0
  m_CorrespondingSourceObject: {fileID: 0}
  m_PrefabInstance: {fileID: 0}
  m_PrefabAsset: {fileID: 0}
  serializedVersion: 6
  m_Component:
  - component: {fileID: 3926481487932087641}
  m_Layer: 0
  m_Name: "\u041F\u043E\u043B 2"
  m_TagString: Untagged
  m_Icon: {fileID: 0}
  m_NavMeshLayer: 0
  m_StaticEditorFlags: 0
  m_IsActive: 1
--- !u!4 &3926481487932087641
Transform:
  m_ObjectHideFlags: 0
  m_CorrespondingSourceObject: {fileID: 0}
  m_PrefabInstance: {fileID: 0}
  m_PrefabAsset: {fileID: 0}
  m_GameObject: {fileID: 3926481487932087646}
  m_LocalRotation: {x: 0, y: 0, z: 0, w: 1}
  m_LocalPosition: {x: 0, y: 0, z: 0}
  m_LocalScale: {x: 1, y: 1, z: 1}
  m_Children:
  - {fileID: 8991873144248173746}
  - {fileID: 603360868755661489}
  - {fileID: 603360868798307147}
  - {fileID: 603360868730685433}
  - {fileID: 7257977253303577539}
  - {fileID: 7755901250551774386}
  - {fileID: 7257977255363938845}
  m_Father: {fileID: 0}
  m_RootOrder: 0
  m_LocalEulerAnglesHint: {x: 0, y: 0, z: 0}
--- !u!1001 &3926481487412270614
PrefabInstance:
  m_ObjectHideFlags: 0
  serializedVersion: 2
  m_Modification:
    m_TransformParent: {fileID: 3926481487932087641}
    m_Modifications:
    - target: {fileID: 319152293450349708, guid: d5920ec2e9589fa49af231931214586b,
        type: 3}
      propertyPath: m_Materials.Array.data[0]
      value: 
      objectReference: {fileID: 2100000, guid: 1151f4057e77ab5429143caedba0a672, type: 2}
    - target: {fileID: 319152293450349708, guid: d5920ec2e9589fa49af231931214586b,
        type: 3}
      propertyPath: m_Materials.Array.data[1]
      value: 
      objectReference: {fileID: 2100000, guid: 2112410f07969004294194662081a6bd, type: 2}
    - target: {fileID: 906904408372930686, guid: d5920ec2e9589fa49af231931214586b,
        type: 3}
      propertyPath: m_Materials.Array.data[0]
      value: 
      objectReference: {fileID: 2100000, guid: 1151f4057e77ab5429143caedba0a672, type: 2}
    - target: {fileID: 906904408372930686, guid: d5920ec2e9589fa49af231931214586b,
        type: 3}
      propertyPath: m_Materials.Array.data[1]
      value: 
      objectReference: {fileID: 2100000, guid: 2112410f07969004294194662081a6bd, type: 2}
    - target: {fileID: 2390336515234011269, guid: d5920ec2e9589fa49af231931214586b,
        type: 3}
      propertyPath: m_Materials.Array.data[0]
      value: 
      objectReference: {fileID: 2100000, guid: 1151f4057e77ab5429143caedba0a672, type: 2}
    - target: {fileID: 2390336515234011269, guid: d5920ec2e9589fa49af231931214586b,
        type: 3}
      propertyPath: m_Materials.Array.data[1]
      value: 
      objectReference: {fileID: 2100000, guid: 2112410f07969004294194662081a6bd, type: 2}
    - target: {fileID: 4222582139944933297, guid: d5920ec2e9589fa49af231931214586b,
        type: 3}
      propertyPath: m_Materials.Array.data[0]
      value: 
      objectReference: {fileID: 2100000, guid: 1151f4057e77ab5429143caedba0a672, type: 2}
    - target: {fileID: 4222582139944933297, guid: d5920ec2e9589fa49af231931214586b,
        type: 3}
      propertyPath: m_Materials.Array.data[1]
      value: 
      objectReference: {fileID: 2100000, guid: 2112410f07969004294194662081a6bd, type: 2}
    - target: {fileID: 4920729851645735373, guid: d5920ec2e9589fa49af231931214586b,
        type: 3}
      propertyPath: m_Materials.Array.data[0]
      value: 
      objectReference: {fileID: 2100000, guid: 1151f4057e77ab5429143caedba0a672, type: 2}
    - target: {fileID: 4920729851645735373, guid: d5920ec2e9589fa49af231931214586b,
        type: 3}
      propertyPath: m_Materials.Array.data[1]
      value: 
      objectReference: {fileID: 2100000, guid: 2112410f07969004294194662081a6bd, type: 2}
    - target: {fileID: 5186931739328804858, guid: d5920ec2e9589fa49af231931214586b,
        type: 3}
      propertyPath: m_Materials.Array.data[0]
      value: 
      objectReference: {fileID: 2100000, guid: 1151f4057e77ab5429143caedba0a672, type: 2}
    - target: {fileID: 5186931739328804858, guid: d5920ec2e9589fa49af231931214586b,
        type: 3}
      propertyPath: m_Materials.Array.data[1]
      value: 
      objectReference: {fileID: 2100000, guid: 2112410f07969004294194662081a6bd, type: 2}
    - target: {fileID: 5963937743390997973, guid: d5920ec2e9589fa49af231931214586b,
        type: 3}
      propertyPath: m_RootOrder
      value: 4
      objectReference: {fileID: 0}
    - target: {fileID: 5963937743390997973, guid: d5920ec2e9589fa49af231931214586b,
        type: 3}
      propertyPath: m_LocalPosition.x
      value: 18
      objectReference: {fileID: 0}
    - target: {fileID: 5963937743390997973, guid: d5920ec2e9589fa49af231931214586b,
        type: 3}
      propertyPath: m_LocalPosition.y
      value: 0
      objectReference: {fileID: 0}
    - target: {fileID: 5963937743390997973, guid: d5920ec2e9589fa49af231931214586b,
        type: 3}
      propertyPath: m_LocalPosition.z
      value: 21
      objectReference: {fileID: 0}
    - target: {fileID: 5963937743390997973, guid: d5920ec2e9589fa49af231931214586b,
        type: 3}
      propertyPath: m_LocalRotation.w
      value: 1
      objectReference: {fileID: 0}
    - target: {fileID: 5963937743390997973, guid: d5920ec2e9589fa49af231931214586b,
        type: 3}
      propertyPath: m_LocalRotation.x
      value: -0
      objectReference: {fileID: 0}
    - target: {fileID: 5963937743390997973, guid: d5920ec2e9589fa49af231931214586b,
        type: 3}
      propertyPath: m_LocalRotation.y
      value: -0
      objectReference: {fileID: 0}
    - target: {fileID: 5963937743390997973, guid: d5920ec2e9589fa49af231931214586b,
        type: 3}
      propertyPath: m_LocalRotation.z
      value: -0
      objectReference: {fileID: 0}
    - target: {fileID: 5963937743390997973, guid: d5920ec2e9589fa49af231931214586b,
        type: 3}
      propertyPath: m_LocalEulerAnglesHint.x
      value: 0
      objectReference: {fileID: 0}
    - target: {fileID: 5963937743390997973, guid: d5920ec2e9589fa49af231931214586b,
        type: 3}
      propertyPath: m_LocalEulerAnglesHint.y
      value: 0
      objectReference: {fileID: 0}
    - target: {fileID: 5963937743390997973, guid: d5920ec2e9589fa49af231931214586b,
        type: 3}
      propertyPath: m_LocalEulerAnglesHint.z
      value: 0
      objectReference: {fileID: 0}
    - target: {fileID: 5963937743390997974, guid: d5920ec2e9589fa49af231931214586b,
        type: 3}
      propertyPath: m_Name
      value: Floor_3x3
      objectReference: {fileID: 0}
    - target: {fileID: 6931953025378443774, guid: d5920ec2e9589fa49af231931214586b,
        type: 3}
      propertyPath: m_Materials.Array.data[0]
      value: 
      objectReference: {fileID: 2100000, guid: 1151f4057e77ab5429143caedba0a672, type: 2}
    - target: {fileID: 6931953025378443774, guid: d5920ec2e9589fa49af231931214586b,
        type: 3}
      propertyPath: m_Materials.Array.data[1]
      value: 
      objectReference: {fileID: 2100000, guid: 2112410f07969004294194662081a6bd, type: 2}
    - target: {fileID: 7743005000659888728, guid: d5920ec2e9589fa49af231931214586b,
        type: 3}
      propertyPath: m_Materials.Array.data[0]
      value: 
      objectReference: {fileID: 2100000, guid: 1151f4057e77ab5429143caedba0a672, type: 2}
    - target: {fileID: 7743005000659888728, guid: d5920ec2e9589fa49af231931214586b,
        type: 3}
      propertyPath: m_Materials.Array.data[1]
      value: 
      objectReference: {fileID: 2100000, guid: 2112410f07969004294194662081a6bd, type: 2}
    - target: {fileID: 9174756667899816694, guid: d5920ec2e9589fa49af231931214586b,
        type: 3}
      propertyPath: m_Materials.Array.data[0]
      value: 
      objectReference: {fileID: 2100000, guid: 1151f4057e77ab5429143caedba0a672, type: 2}
    - target: {fileID: 9174756667899816694, guid: d5920ec2e9589fa49af231931214586b,
        type: 3}
      propertyPath: m_Materials.Array.data[1]
      value: 
      objectReference: {fileID: 2100000, guid: 2112410f07969004294194662081a6bd, type: 2}
    m_RemovedComponents: []
  m_SourcePrefab: {fileID: 100100000, guid: d5920ec2e9589fa49af231931214586b, type: 3}
--- !u!4 &7257977253303577539 stripped
Transform:
  m_CorrespondingSourceObject: {fileID: 5963937743390997973, guid: d5920ec2e9589fa49af231931214586b,
    type: 3}
  m_PrefabInstance: {fileID: 3926481487412270614}
  m_PrefabAsset: {fileID: 0}
--- !u!1001 &3926481487453177118
PrefabInstance:
  m_ObjectHideFlags: 0
  serializedVersion: 2
  m_Modification:
    m_TransformParent: {fileID: 3926481487932087641}
    m_Modifications:
    - target: {fileID: 2586967504729872886, guid: 2954f5c29859c9d448513c8bd60b3344,
        type: 3}
      propertyPath: m_Name
      value: Basic_Floor (1)
      objectReference: {fileID: 0}
    - target: {fileID: 4477206535605542485, guid: 2954f5c29859c9d448513c8bd60b3344,
        type: 3}
      propertyPath: m_RootOrder
      value: 2
      objectReference: {fileID: 0}
    - target: {fileID: 4477206535605542485, guid: 2954f5c29859c9d448513c8bd60b3344,
        type: 3}
      propertyPath: m_LocalPosition.x
      value: 21
      objectReference: {fileID: 0}
    - target: {fileID: 4477206535605542485, guid: 2954f5c29859c9d448513c8bd60b3344,
        type: 3}
      propertyPath: m_LocalPosition.y
      value: 0
      objectReference: {fileID: 0}
    - target: {fileID: 4477206535605542485, guid: 2954f5c29859c9d448513c8bd60b3344,
        type: 3}
      propertyPath: m_LocalPosition.z
      value: 18
      objectReference: {fileID: 0}
    - target: {fileID: 4477206535605542485, guid: 2954f5c29859c9d448513c8bd60b3344,
        type: 3}
      propertyPath: m_LocalRotation.w
      value: 1
      objectReference: {fileID: 0}
    - target: {fileID: 4477206535605542485, guid: 2954f5c29859c9d448513c8bd60b3344,
        type: 3}
      propertyPath: m_LocalRotation.x
      value: -0
      objectReference: {fileID: 0}
    - target: {fileID: 4477206535605542485, guid: 2954f5c29859c9d448513c8bd60b3344,
        type: 3}
      propertyPath: m_LocalRotation.y
      value: -0
      objectReference: {fileID: 0}
    - target: {fileID: 4477206535605542485, guid: 2954f5c29859c9d448513c8bd60b3344,
        type: 3}
      propertyPath: m_LocalRotation.z
      value: -0
      objectReference: {fileID: 0}
    - target: {fileID: 4477206535605542485, guid: 2954f5c29859c9d448513c8bd60b3344,
        type: 3}
      propertyPath: m_LocalEulerAnglesHint.x
      value: 0
      objectReference: {fileID: 0}
    - target: {fileID: 4477206535605542485, guid: 2954f5c29859c9d448513c8bd60b3344,
        type: 3}
      propertyPath: m_LocalEulerAnglesHint.y
      value: 0
      objectReference: {fileID: 0}
    - target: {fileID: 4477206535605542485, guid: 2954f5c29859c9d448513c8bd60b3344,
        type: 3}
      propertyPath: m_LocalEulerAnglesHint.z
      value: 0
      objectReference: {fileID: 0}
    - target: {fileID: 5054831612180206923, guid: 2954f5c29859c9d448513c8bd60b3344,
        type: 3}
      propertyPath: m_Materials.Array.data[0]
      value: 
      objectReference: {fileID: 2100000, guid: 1151f4057e77ab5429143caedba0a672, type: 2}
    - target: {fileID: 5054831612180206923, guid: 2954f5c29859c9d448513c8bd60b3344,
        type: 3}
      propertyPath: m_Materials.Array.data[1]
      value: 
      objectReference: {fileID: 2100000, guid: 2112410f07969004294194662081a6bd, type: 2}
    m_RemovedComponents: []
  m_SourcePrefab: {fileID: 100100000, guid: 2954f5c29859c9d448513c8bd60b3344, type: 3}
--- !u!4 &603360868798307147 stripped
Transform:
  m_CorrespondingSourceObject: {fileID: 4477206535605542485, guid: 2954f5c29859c9d448513c8bd60b3344,
    type: 3}
  m_PrefabInstance: {fileID: 3926481487453177118}
  m_PrefabAsset: {fileID: 0}
--- !u!1001 &3926481487643706231
PrefabInstance:
  m_ObjectHideFlags: 0
  serializedVersion: 2
  m_Modification:
    m_TransformParent: {fileID: 3926481487932087641}
    m_Modifications:
    - target: {fileID: 297969415499098318, guid: 0ffe003860209834b850f3d6e951af2e,
        type: 3}
      propertyPath: m_Materials.Array.data[0]
      value: 
      objectReference: {fileID: 2100000, guid: 1151f4057e77ab5429143caedba0a672, type: 2}
    - target: {fileID: 297969415499098318, guid: 0ffe003860209834b850f3d6e951af2e,
        type: 3}
      propertyPath: m_Materials.Array.data[1]
      value: 
      objectReference: {fileID: 2100000, guid: 2112410f07969004294194662081a6bd, type: 2}
    - target: {fileID: 545154147861950201, guid: 0ffe003860209834b850f3d6e951af2e,
        type: 3}
      propertyPath: m_Materials.Array.data[0]
      value: 
      objectReference: {fileID: 2100000, guid: 1151f4057e77ab5429143caedba0a672, type: 2}
    - target: {fileID: 545154147861950201, guid: 0ffe003860209834b850f3d6e951af2e,
        type: 3}
      propertyPath: m_Materials.Array.data[1]
      value: 
      objectReference: {fileID: 2100000, guid: 2112410f07969004294194662081a6bd, type: 2}
    - target: {fileID: 555853133555834769, guid: 0ffe003860209834b850f3d6e951af2e,
        type: 3}
      propertyPath: m_Materials.Array.data[0]
      value: 
      objectReference: {fileID: 2100000, guid: 1151f4057e77ab5429143caedba0a672, type: 2}
    - target: {fileID: 555853133555834769, guid: 0ffe003860209834b850f3d6e951af2e,
        type: 3}
      propertyPath: m_Materials.Array.data[1]
      value: 
      objectReference: {fileID: 2100000, guid: 2112410f07969004294194662081a6bd, type: 2}
    - target: {fileID: 800409003364705287, guid: 0ffe003860209834b850f3d6e951af2e,
        type: 3}
      propertyPath: m_Materials.Array.data[0]
      value: 
      objectReference: {fileID: 2100000, guid: 1151f4057e77ab5429143caedba0a672, type: 2}
    - target: {fileID: 800409003364705287, guid: 0ffe003860209834b850f3d6e951af2e,
        type: 3}
      propertyPath: m_Materials.Array.data[1]
      value: 
      objectReference: {fileID: 2100000, guid: 2112410f07969004294194662081a6bd, type: 2}
    - target: {fileID: 890370691917876866, guid: 0ffe003860209834b850f3d6e951af2e,
        type: 3}
      propertyPath: m_Materials.Array.data[0]
      value: 
      objectReference: {fileID: 2100000, guid: 1151f4057e77ab5429143caedba0a672, type: 2}
    - target: {fileID: 890370691917876866, guid: 0ffe003860209834b850f3d6e951af2e,
        type: 3}
      propertyPath: m_Materials.Array.data[1]
      value: 
      objectReference: {fileID: 2100000, guid: 2112410f07969004294194662081a6bd, type: 2}
    - target: {fileID: 934066567359440879, guid: 0ffe003860209834b850f3d6e951af2e,
        type: 3}
      propertyPath: m_Materials.Array.data[0]
      value: 
      objectReference: {fileID: 2100000, guid: 1151f4057e77ab5429143caedba0a672, type: 2}
    - target: {fileID: 934066567359440879, guid: 0ffe003860209834b850f3d6e951af2e,
        type: 3}
      propertyPath: m_Materials.Array.data[1]
      value: 
      objectReference: {fileID: 2100000, guid: 2112410f07969004294194662081a6bd, type: 2}
    - target: {fileID: 1103077249880689507, guid: 0ffe003860209834b850f3d6e951af2e,
        type: 3}
      propertyPath: m_Materials.Array.data[0]
      value: 
      objectReference: {fileID: 2100000, guid: 1151f4057e77ab5429143caedba0a672, type: 2}
    - target: {fileID: 1103077249880689507, guid: 0ffe003860209834b850f3d6e951af2e,
        type: 3}
      propertyPath: m_Materials.Array.data[1]
      value: 
      objectReference: {fileID: 2100000, guid: 2112410f07969004294194662081a6bd, type: 2}
    - target: {fileID: 1201917733775305523, guid: 0ffe003860209834b850f3d6e951af2e,
        type: 3}
      propertyPath: m_Materials.Array.data[0]
      value: 
      objectReference: {fileID: 2100000, guid: 1151f4057e77ab5429143caedba0a672, type: 2}
    - target: {fileID: 1201917733775305523, guid: 0ffe003860209834b850f3d6e951af2e,
        type: 3}
      propertyPath: m_Materials.Array.data[1]
      value: 
      objectReference: {fileID: 2100000, guid: 2112410f07969004294194662081a6bd, type: 2}
    - target: {fileID: 1325325608508018289, guid: 0ffe003860209834b850f3d6e951af2e,
        type: 3}
      propertyPath: m_Materials.Array.data[0]
      value: 
      objectReference: {fileID: 2100000, guid: 1151f4057e77ab5429143caedba0a672, type: 2}
    - target: {fileID: 1325325608508018289, guid: 0ffe003860209834b850f3d6e951af2e,
        type: 3}
      propertyPath: m_Materials.Array.data[1]
      value: 
      objectReference: {fileID: 2100000, guid: 2112410f07969004294194662081a6bd, type: 2}
    - target: {fileID: 1676454966807472347, guid: 0ffe003860209834b850f3d6e951af2e,
        type: 3}
      propertyPath: m_Materials.Array.data[0]
      value: 
      objectReference: {fileID: 2100000, guid: 1151f4057e77ab5429143caedba0a672, type: 2}
    - target: {fileID: 1676454966807472347, guid: 0ffe003860209834b850f3d6e951af2e,
        type: 3}
      propertyPath: m_Materials.Array.data[1]
      value: 
      objectReference: {fileID: 2100000, guid: 2112410f07969004294194662081a6bd, type: 2}
    - target: {fileID: 1724514846312464822, guid: 0ffe003860209834b850f3d6e951af2e,
        type: 3}
      propertyPath: m_Materials.Array.data[0]
      value: 
      objectReference: {fileID: 2100000, guid: 1151f4057e77ab5429143caedba0a672, type: 2}
    - target: {fileID: 1724514846312464822, guid: 0ffe003860209834b850f3d6e951af2e,
        type: 3}
      propertyPath: m_Materials.Array.data[1]
      value: 
      objectReference: {fileID: 2100000, guid: 2112410f07969004294194662081a6bd, type: 2}
    - target: {fileID: 1917586824844237443, guid: 0ffe003860209834b850f3d6e951af2e,
        type: 3}
      propertyPath: m_Materials.Array.data[0]
      value: 
      objectReference: {fileID: 2100000, guid: 1151f4057e77ab5429143caedba0a672, type: 2}
    - target: {fileID: 1917586824844237443, guid: 0ffe003860209834b850f3d6e951af2e,
        type: 3}
      propertyPath: m_Materials.Array.data[1]
      value: 
      objectReference: {fileID: 2100000, guid: 2112410f07969004294194662081a6bd, type: 2}
    - target: {fileID: 2519548823594007448, guid: 0ffe003860209834b850f3d6e951af2e,
        type: 3}
      propertyPath: m_Materials.Array.data[0]
      value: 
      objectReference: {fileID: 2100000, guid: 1151f4057e77ab5429143caedba0a672, type: 2}
    - target: {fileID: 2519548823594007448, guid: 0ffe003860209834b850f3d6e951af2e,
        type: 3}
      propertyPath: m_Materials.Array.data[1]
      value: 
      objectReference: {fileID: 2100000, guid: 2112410f07969004294194662081a6bd, type: 2}
    - target: {fileID: 2587891901286137546, guid: 0ffe003860209834b850f3d6e951af2e,
        type: 3}
      propertyPath: m_Materials.Array.data[0]
      value: 
      objectReference: {fileID: 2100000, guid: 1151f4057e77ab5429143caedba0a672, type: 2}
    - target: {fileID: 2587891901286137546, guid: 0ffe003860209834b850f3d6e951af2e,
        type: 3}
      propertyPath: m_Materials.Array.data[1]
      value: 
      objectReference: {fileID: 2100000, guid: 2112410f07969004294194662081a6bd, type: 2}
    - target: {fileID: 2783867900903363836, guid: 0ffe003860209834b850f3d6e951af2e,
        type: 3}
      propertyPath: m_Materials.Array.data[0]
      value: 
      objectReference: {fileID: 2100000, guid: 1151f4057e77ab5429143caedba0a672, type: 2}
    - target: {fileID: 2783867900903363836, guid: 0ffe003860209834b850f3d6e951af2e,
        type: 3}
      propertyPath: m_Materials.Array.data[1]
      value: 
      objectReference: {fileID: 2100000, guid: 2112410f07969004294194662081a6bd, type: 2}
    - target: {fileID: 2931167654477739372, guid: 0ffe003860209834b850f3d6e951af2e,
        type: 3}
      propertyPath: m_Materials.Array.data[0]
      value: 
      objectReference: {fileID: 2100000, guid: 1151f4057e77ab5429143caedba0a672, type: 2}
    - target: {fileID: 2931167654477739372, guid: 0ffe003860209834b850f3d6e951af2e,
        type: 3}
      propertyPath: m_Materials.Array.data[1]
      value: 
      objectReference: {fileID: 2100000, guid: 2112410f07969004294194662081a6bd, type: 2}
    - target: {fileID: 3211343448385856844, guid: 0ffe003860209834b850f3d6e951af2e,
        type: 3}
      propertyPath: m_Materials.Array.data[0]
      value: 
      objectReference: {fileID: 2100000, guid: 1151f4057e77ab5429143caedba0a672, type: 2}
    - target: {fileID: 3211343448385856844, guid: 0ffe003860209834b850f3d6e951af2e,
        type: 3}
      propertyPath: m_Materials.Array.data[1]
      value: 
      objectReference: {fileID: 2100000, guid: 2112410f07969004294194662081a6bd, type: 2}
    - target: {fileID: 3340099223124377614, guid: 0ffe003860209834b850f3d6e951af2e,
        type: 3}
      propertyPath: m_Materials.Array.data[0]
      value: 
      objectReference: {fileID: 2100000, guid: 1151f4057e77ab5429143caedba0a672, type: 2}
    - target: {fileID: 3340099223124377614, guid: 0ffe003860209834b850f3d6e951af2e,
        type: 3}
      propertyPath: m_Materials.Array.data[1]
      value: 
      objectReference: {fileID: 2100000, guid: 2112410f07969004294194662081a6bd, type: 2}
    - target: {fileID: 3603446897258220754, guid: 0ffe003860209834b850f3d6e951af2e,
        type: 3}
      propertyPath: m_Materials.Array.data[0]
      value: 
      objectReference: {fileID: 2100000, guid: 1151f4057e77ab5429143caedba0a672, type: 2}
    - target: {fileID: 3603446897258220754, guid: 0ffe003860209834b850f3d6e951af2e,
        type: 3}
      propertyPath: m_Materials.Array.data[1]
      value: 
      objectReference: {fileID: 2100000, guid: 2112410f07969004294194662081a6bd, type: 2}
    - target: {fileID: 3652208368265160127, guid: 0ffe003860209834b850f3d6e951af2e,
        type: 3}
      propertyPath: m_Materials.Array.data[0]
      value: 
      objectReference: {fileID: 2100000, guid: 1151f4057e77ab5429143caedba0a672, type: 2}
    - target: {fileID: 3652208368265160127, guid: 0ffe003860209834b850f3d6e951af2e,
        type: 3}
      propertyPath: m_Materials.Array.data[1]
      value: 
      objectReference: {fileID: 2100000, guid: 2112410f07969004294194662081a6bd, type: 2}
    - target: {fileID: 3973711623367535224, guid: 0ffe003860209834b850f3d6e951af2e,
        type: 3}
      propertyPath: m_Materials.Array.data[0]
      value: 
      objectReference: {fileID: 2100000, guid: 1151f4057e77ab5429143caedba0a672, type: 2}
    - target: {fileID: 3973711623367535224, guid: 0ffe003860209834b850f3d6e951af2e,
        type: 3}
      propertyPath: m_Materials.Array.data[1]
      value: 
      objectReference: {fileID: 2100000, guid: 2112410f07969004294194662081a6bd, type: 2}
    - target: {fileID: 4126056190984221868, guid: 0ffe003860209834b850f3d6e951af2e,
        type: 3}
      propertyPath: m_Materials.Array.data[0]
      value: 
      objectReference: {fileID: 2100000, guid: 1151f4057e77ab5429143caedba0a672, type: 2}
    - target: {fileID: 4126056190984221868, guid: 0ffe003860209834b850f3d6e951af2e,
        type: 3}
      propertyPath: m_Materials.Array.data[1]
      value: 
      objectReference: {fileID: 2100000, guid: 2112410f07969004294194662081a6bd, type: 2}
    - target: {fileID: 4203938427389964621, guid: 0ffe003860209834b850f3d6e951af2e,
        type: 3}
      propertyPath: m_Materials.Array.data[0]
      value: 
      objectReference: {fileID: 2100000, guid: 1151f4057e77ab5429143caedba0a672, type: 2}
    - target: {fileID: 4203938427389964621, guid: 0ffe003860209834b850f3d6e951af2e,
        type: 3}
      propertyPath: m_Materials.Array.data[1]
      value: 
      objectReference: {fileID: 2100000, guid: 2112410f07969004294194662081a6bd, type: 2}
    - target: {fileID: 4249744712322865184, guid: 0ffe003860209834b850f3d6e951af2e,
        type: 3}
      propertyPath: m_Materials.Array.data[0]
      value: 
      objectReference: {fileID: 2100000, guid: 1151f4057e77ab5429143caedba0a672, type: 2}
    - target: {fileID: 4249744712322865184, guid: 0ffe003860209834b850f3d6e951af2e,
        type: 3}
      propertyPath: m_Materials.Array.data[1]
      value: 
      objectReference: {fileID: 2100000, guid: 2112410f07969004294194662081a6bd, type: 2}
    - target: {fileID: 4362439797213885890, guid: 0ffe003860209834b850f3d6e951af2e,
        type: 3}
      propertyPath: m_Materials.Array.data[0]
      value: 
      objectReference: {fileID: 2100000, guid: 1151f4057e77ab5429143caedba0a672, type: 2}
    - target: {fileID: 4362439797213885890, guid: 0ffe003860209834b850f3d6e951af2e,
        type: 3}
      propertyPath: m_Materials.Array.data[1]
      value: 
      objectReference: {fileID: 2100000, guid: 2112410f07969004294194662081a6bd, type: 2}
    - target: {fileID: 4702637465840588506, guid: 0ffe003860209834b850f3d6e951af2e,
        type: 3}
      propertyPath: m_Materials.Array.data[0]
      value: 
      objectReference: {fileID: 2100000, guid: 1151f4057e77ab5429143caedba0a672, type: 2}
    - target: {fileID: 4702637465840588506, guid: 0ffe003860209834b850f3d6e951af2e,
        type: 3}
      propertyPath: m_Materials.Array.data[1]
      value: 
      objectReference: {fileID: 2100000, guid: 2112410f07969004294194662081a6bd, type: 2}
    - target: {fileID: 4909131144913327335, guid: 0ffe003860209834b850f3d6e951af2e,
        type: 3}
      propertyPath: m_Materials.Array.data[0]
      value: 
      objectReference: {fileID: 2100000, guid: 1151f4057e77ab5429143caedba0a672, type: 2}
    - target: {fileID: 4909131144913327335, guid: 0ffe003860209834b850f3d6e951af2e,
        type: 3}
      propertyPath: m_Materials.Array.data[1]
      value: 
      objectReference: {fileID: 2100000, guid: 2112410f07969004294194662081a6bd, type: 2}
    - target: {fileID: 5157434738150527696, guid: 0ffe003860209834b850f3d6e951af2e,
        type: 3}
      propertyPath: m_Materials.Array.data[0]
      value: 
      objectReference: {fileID: 2100000, guid: 1151f4057e77ab5429143caedba0a672, type: 2}
    - target: {fileID: 5157434738150527696, guid: 0ffe003860209834b850f3d6e951af2e,
        type: 3}
      propertyPath: m_Materials.Array.data[1]
      value: 
      objectReference: {fileID: 2100000, guid: 2112410f07969004294194662081a6bd, type: 2}
    - target: {fileID: 5167014313214256056, guid: 0ffe003860209834b850f3d6e951af2e,
        type: 3}
      propertyPath: m_Materials.Array.data[0]
      value: 
      objectReference: {fileID: 2100000, guid: 1151f4057e77ab5429143caedba0a672, type: 2}
    - target: {fileID: 5167014313214256056, guid: 0ffe003860209834b850f3d6e951af2e,
        type: 3}
      propertyPath: m_Materials.Array.data[1]
      value: 
      objectReference: {fileID: 2100000, guid: 2112410f07969004294194662081a6bd, type: 2}
    - target: {fileID: 5277251303716952744, guid: 0ffe003860209834b850f3d6e951af2e,
        type: 3}
      propertyPath: m_Materials.Array.data[0]
      value: 
      objectReference: {fileID: 2100000, guid: 1151f4057e77ab5429143caedba0a672, type: 2}
    - target: {fileID: 5277251303716952744, guid: 0ffe003860209834b850f3d6e951af2e,
        type: 3}
      propertyPath: m_Materials.Array.data[1]
      value: 
      objectReference: {fileID: 2100000, guid: 2112410f07969004294194662081a6bd, type: 2}
    - target: {fileID: 5301251249485394885, guid: 0ffe003860209834b850f3d6e951af2e,
        type: 3}
      propertyPath: m_Materials.Array.data[0]
      value: 
      objectReference: {fileID: 2100000, guid: 1151f4057e77ab5429143caedba0a672, type: 2}
    - target: {fileID: 5301251249485394885, guid: 0ffe003860209834b850f3d6e951af2e,
        type: 3}
      propertyPath: m_Materials.Array.data[1]
      value: 
      objectReference: {fileID: 2100000, guid: 2112410f07969004294194662081a6bd, type: 2}
    - target: {fileID: 5333545461361450364, guid: 0ffe003860209834b850f3d6e951af2e,
        type: 3}
      propertyPath: m_Materials.Array.data[0]
      value: 
      objectReference: {fileID: 2100000, guid: 1151f4057e77ab5429143caedba0a672, type: 2}
    - target: {fileID: 5333545461361450364, guid: 0ffe003860209834b850f3d6e951af2e,
        type: 3}
      propertyPath: m_Materials.Array.data[1]
      value: 
      objectReference: {fileID: 2100000, guid: 2112410f07969004294194662081a6bd, type: 2}
    - target: {fileID: 5382970231489497029, guid: 0ffe003860209834b850f3d6e951af2e,
        type: 3}
      propertyPath: m_RootOrder
      value: 0
      objectReference: {fileID: 0}
    - target: {fileID: 5382970231489497029, guid: 0ffe003860209834b850f3d6e951af2e,
        type: 3}
      propertyPath: m_LocalPosition.x
      value: 0
      objectReference: {fileID: 0}
    - target: {fileID: 5382970231489497029, guid: 0ffe003860209834b850f3d6e951af2e,
        type: 3}
      propertyPath: m_LocalPosition.y
      value: 0
      objectReference: {fileID: 0}
    - target: {fileID: 5382970231489497029, guid: 0ffe003860209834b850f3d6e951af2e,
        type: 3}
      propertyPath: m_LocalPosition.z
      value: 0
      objectReference: {fileID: 0}
    - target: {fileID: 5382970231489497029, guid: 0ffe003860209834b850f3d6e951af2e,
        type: 3}
      propertyPath: m_LocalRotation.w
      value: 1
      objectReference: {fileID: 0}
    - target: {fileID: 5382970231489497029, guid: 0ffe003860209834b850f3d6e951af2e,
        type: 3}
      propertyPath: m_LocalRotation.x
      value: -0
      objectReference: {fileID: 0}
    - target: {fileID: 5382970231489497029, guid: 0ffe003860209834b850f3d6e951af2e,
        type: 3}
      propertyPath: m_LocalRotation.y
      value: -0
      objectReference: {fileID: 0}
    - target: {fileID: 5382970231489497029, guid: 0ffe003860209834b850f3d6e951af2e,
        type: 3}
      propertyPath: m_LocalRotation.z
      value: -0
      objectReference: {fileID: 0}
    - target: {fileID: 5382970231489497029, guid: 0ffe003860209834b850f3d6e951af2e,
        type: 3}
      propertyPath: m_LocalEulerAnglesHint.x
      value: 0
      objectReference: {fileID: 0}
    - target: {fileID: 5382970231489497029, guid: 0ffe003860209834b850f3d6e951af2e,
        type: 3}
      propertyPath: m_LocalEulerAnglesHint.y
      value: 0
      objectReference: {fileID: 0}
    - target: {fileID: 5382970231489497029, guid: 0ffe003860209834b850f3d6e951af2e,
        type: 3}
      propertyPath: m_LocalEulerAnglesHint.z
      value: 0
      objectReference: {fileID: 0}
    - target: {fileID: 5714170401817933642, guid: 0ffe003860209834b850f3d6e951af2e,
        type: 3}
      propertyPath: m_Materials.Array.data[0]
      value: 
      objectReference: {fileID: 2100000, guid: 1151f4057e77ab5429143caedba0a672, type: 2}
    - target: {fileID: 5714170401817933642, guid: 0ffe003860209834b850f3d6e951af2e,
        type: 3}
      propertyPath: m_Materials.Array.data[1]
      value: 
      objectReference: {fileID: 2100000, guid: 2112410f07969004294194662081a6bd, type: 2}
    - target: {fileID: 5905051583089394951, guid: 0ffe003860209834b850f3d6e951af2e,
        type: 3}
      propertyPath: m_Materials.Array.data[0]
      value: 
      objectReference: {fileID: 2100000, guid: 1151f4057e77ab5429143caedba0a672, type: 2}
    - target: {fileID: 5905051583089394951, guid: 0ffe003860209834b850f3d6e951af2e,
        type: 3}
      propertyPath: m_Materials.Array.data[1]
      value: 
      objectReference: {fileID: 2100000, guid: 2112410f07969004294194662081a6bd, type: 2}
    - target: {fileID: 5926924529267082032, guid: 0ffe003860209834b850f3d6e951af2e,
        type: 3}
      propertyPath: m_Materials.Array.data[0]
      value: 
      objectReference: {fileID: 2100000, guid: 1151f4057e77ab5429143caedba0a672, type: 2}
    - target: {fileID: 5926924529267082032, guid: 0ffe003860209834b850f3d6e951af2e,
        type: 3}
      propertyPath: m_Materials.Array.data[1]
      value: 
      objectReference: {fileID: 2100000, guid: 2112410f07969004294194662081a6bd, type: 2}
    - target: {fileID: 6153317105613166196, guid: 0ffe003860209834b850f3d6e951af2e,
        type: 3}
      propertyPath: m_Materials.Array.data[0]
      value: 
      objectReference: {fileID: 2100000, guid: 1151f4057e77ab5429143caedba0a672, type: 2}
    - target: {fileID: 6153317105613166196, guid: 0ffe003860209834b850f3d6e951af2e,
        type: 3}
      propertyPath: m_Materials.Array.data[1]
      value: 
      objectReference: {fileID: 2100000, guid: 2112410f07969004294194662081a6bd, type: 2}
    - target: {fileID: 6223101677947638176, guid: 0ffe003860209834b850f3d6e951af2e,
        type: 3}
      propertyPath: m_Materials.Array.data[0]
      value: 
      objectReference: {fileID: 2100000, guid: 1151f4057e77ab5429143caedba0a672, type: 2}
    - target: {fileID: 6223101677947638176, guid: 0ffe003860209834b850f3d6e951af2e,
        type: 3}
      propertyPath: m_Materials.Array.data[1]
      value: 
      objectReference: {fileID: 2100000, guid: 2112410f07969004294194662081a6bd, type: 2}
    - target: {fileID: 6264971025668962509, guid: 0ffe003860209834b850f3d6e951af2e,
        type: 3}
      propertyPath: m_Materials.Array.data[0]
      value: 
      objectReference: {fileID: 2100000, guid: 1151f4057e77ab5429143caedba0a672, type: 2}
    - target: {fileID: 6264971025668962509, guid: 0ffe003860209834b850f3d6e951af2e,
        type: 3}
      propertyPath: m_Materials.Array.data[1]
      value: 
      objectReference: {fileID: 2100000, guid: 2112410f07969004294194662081a6bd, type: 2}
    - target: {fileID: 6709086411421866502, guid: 0ffe003860209834b850f3d6e951af2e,
        type: 3}
      propertyPath: m_Materials.Array.data[0]
      value: 
      objectReference: {fileID: 2100000, guid: 1151f4057e77ab5429143caedba0a672, type: 2}
    - target: {fileID: 6709086411421866502, guid: 0ffe003860209834b850f3d6e951af2e,
        type: 3}
      propertyPath: m_Materials.Array.data[1]
      value: 
      objectReference: {fileID: 2100000, guid: 2112410f07969004294194662081a6bd, type: 2}
    - target: {fileID: 6752643510095803243, guid: 0ffe003860209834b850f3d6e951af2e,
        type: 3}
      propertyPath: m_Materials.Array.data[0]
      value: 
      objectReference: {fileID: 2100000, guid: 1151f4057e77ab5429143caedba0a672, type: 2}
    - target: {fileID: 6752643510095803243, guid: 0ffe003860209834b850f3d6e951af2e,
        type: 3}
      propertyPath: m_Materials.Array.data[1]
      value: 
      objectReference: {fileID: 2100000, guid: 2112410f07969004294194662081a6bd, type: 2}
    - target: {fileID: 7130633145213142961, guid: 0ffe003860209834b850f3d6e951af2e,
        type: 3}
      propertyPath: m_Materials.Array.data[0]
      value: 
      objectReference: {fileID: 2100000, guid: 1151f4057e77ab5429143caedba0a672, type: 2}
    - target: {fileID: 7130633145213142961, guid: 0ffe003860209834b850f3d6e951af2e,
        type: 3}
      propertyPath: m_Materials.Array.data[1]
      value: 
      objectReference: {fileID: 2100000, guid: 2112410f07969004294194662081a6bd, type: 2}
    - target: {fileID: 7199053102704067299, guid: 0ffe003860209834b850f3d6e951af2e,
        type: 3}
      propertyPath: m_Materials.Array.data[0]
      value: 
      objectReference: {fileID: 2100000, guid: 1151f4057e77ab5429143caedba0a672, type: 2}
    - target: {fileID: 7199053102704067299, guid: 0ffe003860209834b850f3d6e951af2e,
        type: 3}
      propertyPath: m_Materials.Array.data[1]
      value: 
      objectReference: {fileID: 2100000, guid: 2112410f07969004294194662081a6bd, type: 2}
    - target: {fileID: 7543454803047614789, guid: 0ffe003860209834b850f3d6e951af2e,
        type: 3}
      propertyPath: m_Materials.Array.data[0]
      value: 
      objectReference: {fileID: 2100000, guid: 1151f4057e77ab5429143caedba0a672, type: 2}
    - target: {fileID: 7543454803047614789, guid: 0ffe003860209834b850f3d6e951af2e,
        type: 3}
      propertyPath: m_Materials.Array.data[1]
      value: 
      objectReference: {fileID: 2100000, guid: 2112410f07969004294194662081a6bd, type: 2}
    - target: {fileID: 7591401406810167307, guid: 0ffe003860209834b850f3d6e951af2e,
        type: 3}
      propertyPath: m_Materials.Array.data[0]
      value: 
      objectReference: {fileID: 2100000, guid: 1151f4057e77ab5429143caedba0a672, type: 2}
    - target: {fileID: 7591401406810167307, guid: 0ffe003860209834b850f3d6e951af2e,
        type: 3}
      propertyPath: m_Materials.Array.data[1]
      value: 
      objectReference: {fileID: 2100000, guid: 2112410f07969004294194662081a6bd, type: 2}
    - target: {fileID: 7911732959493524344, guid: 0ffe003860209834b850f3d6e951af2e,
        type: 3}
      propertyPath: m_Materials.Array.data[0]
      value: 
      objectReference: {fileID: 2100000, guid: 1151f4057e77ab5429143caedba0a672, type: 2}
    - target: {fileID: 7911732959493524344, guid: 0ffe003860209834b850f3d6e951af2e,
        type: 3}
      propertyPath: m_Materials.Array.data[1]
      value: 
      objectReference: {fileID: 2100000, guid: 2112410f07969004294194662081a6bd, type: 2}
    - target: {fileID: 7961871974709972303, guid: 0ffe003860209834b850f3d6e951af2e,
        type: 3}
      propertyPath: m_Materials.Array.data[0]
      value: 
      objectReference: {fileID: 2100000, guid: 1151f4057e77ab5429143caedba0a672, type: 2}
    - target: {fileID: 7961871974709972303, guid: 0ffe003860209834b850f3d6e951af2e,
        type: 3}
      propertyPath: m_Materials.Array.data[1]
      value: 
      objectReference: {fileID: 2100000, guid: 2112410f07969004294194662081a6bd, type: 2}
    - target: {fileID: 8158611125711728329, guid: 0ffe003860209834b850f3d6e951af2e,
        type: 3}
      propertyPath: m_Materials.Array.data[0]
      value: 
      objectReference: {fileID: 2100000, guid: 1151f4057e77ab5429143caedba0a672, type: 2}
    - target: {fileID: 8158611125711728329, guid: 0ffe003860209834b850f3d6e951af2e,
        type: 3}
      propertyPath: m_Materials.Array.data[1]
      value: 
      objectReference: {fileID: 2100000, guid: 2112410f07969004294194662081a6bd, type: 2}
    - target: {fileID: 8184296590055360420, guid: 0ffe003860209834b850f3d6e951af2e,
        type: 3}
      propertyPath: m_Materials.Array.data[0]
      value: 
      objectReference: {fileID: 2100000, guid: 1151f4057e77ab5429143caedba0a672, type: 2}
    - target: {fileID: 8184296590055360420, guid: 0ffe003860209834b850f3d6e951af2e,
        type: 3}
      propertyPath: m_Materials.Array.data[1]
      value: 
      objectReference: {fileID: 2100000, guid: 2112410f07969004294194662081a6bd, type: 2}
    - target: {fileID: 8225307085728219539, guid: 0ffe003860209834b850f3d6e951af2e,
        type: 3}
      propertyPath: m_Materials.Array.data[0]
      value: 
      objectReference: {fileID: 2100000, guid: 1151f4057e77ab5429143caedba0a672, type: 2}
    - target: {fileID: 8225307085728219539, guid: 0ffe003860209834b850f3d6e951af2e,
        type: 3}
      propertyPath: m_Materials.Array.data[1]
      value: 
      objectReference: {fileID: 2100000, guid: 2112410f07969004294194662081a6bd, type: 2}
    - target: {fileID: 8253808125010618622, guid: 0ffe003860209834b850f3d6e951af2e,
        type: 3}
      propertyPath: m_Materials.Array.data[0]
      value: 
      objectReference: {fileID: 2100000, guid: 1151f4057e77ab5429143caedba0a672, type: 2}
    - target: {fileID: 8253808125010618622, guid: 0ffe003860209834b850f3d6e951af2e,
        type: 3}
      propertyPath: m_Materials.Array.data[1]
      value: 
      objectReference: {fileID: 2100000, guid: 2112410f07969004294194662081a6bd, type: 2}
    - target: {fileID: 8509745718544393169, guid: 0ffe003860209834b850f3d6e951af2e,
        type: 3}
      propertyPath: m_Name
      value: Floor_Small
      objectReference: {fileID: 0}
    - target: {fileID: 8519232984633758467, guid: 0ffe003860209834b850f3d6e951af2e,
        type: 3}
      propertyPath: m_Materials.Array.data[0]
      value: 
      objectReference: {fileID: 2100000, guid: 1151f4057e77ab5429143caedba0a672, type: 2}
    - target: {fileID: 8519232984633758467, guid: 0ffe003860209834b850f3d6e951af2e,
        type: 3}
      propertyPath: m_Materials.Array.data[1]
      value: 
      objectReference: {fileID: 2100000, guid: 2112410f07969004294194662081a6bd, type: 2}
    - target: {fileID: 8737149716719388805, guid: 0ffe003860209834b850f3d6e951af2e,
        type: 3}
      propertyPath: m_Materials.Array.data[0]
      value: 
      objectReference: {fileID: 2100000, guid: 1151f4057e77ab5429143caedba0a672, type: 2}
    - target: {fileID: 8737149716719388805, guid: 0ffe003860209834b850f3d6e951af2e,
        type: 3}
      propertyPath: m_Materials.Array.data[1]
      value: 
      objectReference: {fileID: 2100000, guid: 2112410f07969004294194662081a6bd, type: 2}
    - target: {fileID: 8973522035773360619, guid: 0ffe003860209834b850f3d6e951af2e,
        type: 3}
      propertyPath: m_Materials.Array.data[0]
      value: 
      objectReference: {fileID: 2100000, guid: 1151f4057e77ab5429143caedba0a672, type: 2}
    - target: {fileID: 8973522035773360619, guid: 0ffe003860209834b850f3d6e951af2e,
        type: 3}
      propertyPath: m_Materials.Array.data[1]
      value: 
      objectReference: {fileID: 2100000, guid: 2112410f07969004294194662081a6bd, type: 2}
    - target: {fileID: 9042653872830896293, guid: 0ffe003860209834b850f3d6e951af2e,
        type: 3}
      propertyPath: m_Materials.Array.data[0]
      value: 
      objectReference: {fileID: 2100000, guid: 1151f4057e77ab5429143caedba0a672, type: 2}
    - target: {fileID: 9042653872830896293, guid: 0ffe003860209834b850f3d6e951af2e,
        type: 3}
      propertyPath: m_Materials.Array.data[1]
      value: 
      objectReference: {fileID: 2100000, guid: 2112410f07969004294194662081a6bd, type: 2}
    m_RemovedComponents: []
  m_SourcePrefab: {fileID: 100100000, guid: 0ffe003860209834b850f3d6e951af2e, type: 3}
--- !u!4 &8991873144248173746 stripped
Transform:
  m_CorrespondingSourceObject: {fileID: 5382970231489497029, guid: 0ffe003860209834b850f3d6e951af2e,
    type: 3}
  m_PrefabInstance: {fileID: 3926481487643706231}
  m_PrefabAsset: {fileID: 0}
--- !u!1001 &3926481487788186028
PrefabInstance:
  m_ObjectHideFlags: 0
  serializedVersion: 2
  m_Modification:
    m_TransformParent: {fileID: 3926481487932087641}
    m_Modifications:
    - target: {fileID: 2586967504729872886, guid: 2954f5c29859c9d448513c8bd60b3344,
        type: 3}
      propertyPath: m_Name
      value: Basic_Floor (2)
      objectReference: {fileID: 0}
    - target: {fileID: 4477206535605542485, guid: 2954f5c29859c9d448513c8bd60b3344,
        type: 3}
      propertyPath: m_RootOrder
      value: 3
      objectReference: {fileID: 0}
    - target: {fileID: 4477206535605542485, guid: 2954f5c29859c9d448513c8bd60b3344,
        type: 3}
      propertyPath: m_LocalPosition.x
      value: 18
      objectReference: {fileID: 0}
    - target: {fileID: 4477206535605542485, guid: 2954f5c29859c9d448513c8bd60b3344,
        type: 3}
      propertyPath: m_LocalPosition.y
      value: 0
      objectReference: {fileID: 0}
    - target: {fileID: 4477206535605542485, guid: 2954f5c29859c9d448513c8bd60b3344,
        type: 3}
      propertyPath: m_LocalPosition.z
      value: 18
      objectReference: {fileID: 0}
    - target: {fileID: 4477206535605542485, guid: 2954f5c29859c9d448513c8bd60b3344,
        type: 3}
      propertyPath: m_LocalRotation.w
      value: 1
      objectReference: {fileID: 0}
    - target: {fileID: 4477206535605542485, guid: 2954f5c29859c9d448513c8bd60b3344,
        type: 3}
      propertyPath: m_LocalRotation.x
      value: -0
      objectReference: {fileID: 0}
    - target: {fileID: 4477206535605542485, guid: 2954f5c29859c9d448513c8bd60b3344,
        type: 3}
      propertyPath: m_LocalRotation.y
      value: -0
      objectReference: {fileID: 0}
    - target: {fileID: 4477206535605542485, guid: 2954f5c29859c9d448513c8bd60b3344,
        type: 3}
      propertyPath: m_LocalRotation.z
      value: -0
      objectReference: {fileID: 0}
    - target: {fileID: 4477206535605542485, guid: 2954f5c29859c9d448513c8bd60b3344,
        type: 3}
      propertyPath: m_LocalEulerAnglesHint.x
      value: 0
      objectReference: {fileID: 0}
    - target: {fileID: 4477206535605542485, guid: 2954f5c29859c9d448513c8bd60b3344,
        type: 3}
      propertyPath: m_LocalEulerAnglesHint.y
      value: 0
      objectReference: {fileID: 0}
    - target: {fileID: 4477206535605542485, guid: 2954f5c29859c9d448513c8bd60b3344,
        type: 3}
      propertyPath: m_LocalEulerAnglesHint.z
      value: 0
      objectReference: {fileID: 0}
    - target: {fileID: 5054831612180206923, guid: 2954f5c29859c9d448513c8bd60b3344,
        type: 3}
      propertyPath: m_Materials.Array.data[0]
      value: 
      objectReference: {fileID: 2100000, guid: 1151f4057e77ab5429143caedba0a672, type: 2}
    - target: {fileID: 5054831612180206923, guid: 2954f5c29859c9d448513c8bd60b3344,
        type: 3}
      propertyPath: m_Materials.Array.data[1]
      value: 
      objectReference: {fileID: 2100000, guid: 2112410f07969004294194662081a6bd, type: 2}
    m_RemovedComponents: []
  m_SourcePrefab: {fileID: 100100000, guid: 2954f5c29859c9d448513c8bd60b3344, type: 3}
--- !u!4 &603360868730685433 stripped
Transform:
  m_CorrespondingSourceObject: {fileID: 4477206535605542485, guid: 2954f5c29859c9d448513c8bd60b3344,
    type: 3}
  m_PrefabInstance: {fileID: 3926481487788186028}
  m_PrefabAsset: {fileID: 0}
--- !u!1001 &3926481487798353124
PrefabInstance:
  m_ObjectHideFlags: 0
  serializedVersion: 2
  m_Modification:
    m_TransformParent: {fileID: 3926481487932087641}
    m_Modifications:
    - target: {fileID: 2586967504729872886, guid: 2954f5c29859c9d448513c8bd60b3344,
        type: 3}
      propertyPath: m_Name
      value: Basic_Floor
      objectReference: {fileID: 0}
    - target: {fileID: 4477206535605542485, guid: 2954f5c29859c9d448513c8bd60b3344,
        type: 3}
      propertyPath: m_RootOrder
      value: 1
      objectReference: {fileID: 0}
    - target: {fileID: 4477206535605542485, guid: 2954f5c29859c9d448513c8bd60b3344,
        type: 3}
      propertyPath: m_LocalPosition.x
      value: 24
      objectReference: {fileID: 0}
    - target: {fileID: 4477206535605542485, guid: 2954f5c29859c9d448513c8bd60b3344,
        type: 3}
      propertyPath: m_LocalPosition.y
      value: 0
      objectReference: {fileID: 0}
    - target: {fileID: 4477206535605542485, guid: 2954f5c29859c9d448513c8bd60b3344,
        type: 3}
      propertyPath: m_LocalPosition.z
      value: 18
      objectReference: {fileID: 0}
    - target: {fileID: 4477206535605542485, guid: 2954f5c29859c9d448513c8bd60b3344,
        type: 3}
      propertyPath: m_LocalRotation.w
      value: 1
      objectReference: {fileID: 0}
    - target: {fileID: 4477206535605542485, guid: 2954f5c29859c9d448513c8bd60b3344,
        type: 3}
      propertyPath: m_LocalRotation.x
      value: -0
      objectReference: {fileID: 0}
    - target: {fileID: 4477206535605542485, guid: 2954f5c29859c9d448513c8bd60b3344,
        type: 3}
      propertyPath: m_LocalRotation.y
      value: -0
      objectReference: {fileID: 0}
    - target: {fileID: 4477206535605542485, guid: 2954f5c29859c9d448513c8bd60b3344,
        type: 3}
      propertyPath: m_LocalRotation.z
      value: -0
      objectReference: {fileID: 0}
    - target: {fileID: 4477206535605542485, guid: 2954f5c29859c9d448513c8bd60b3344,
        type: 3}
      propertyPath: m_LocalEulerAnglesHint.x
      value: 0
      objectReference: {fileID: 0}
    - target: {fileID: 4477206535605542485, guid: 2954f5c29859c9d448513c8bd60b3344,
        type: 3}
      propertyPath: m_LocalEulerAnglesHint.y
      value: 0
      objectReference: {fileID: 0}
    - target: {fileID: 4477206535605542485, guid: 2954f5c29859c9d448513c8bd60b3344,
        type: 3}
      propertyPath: m_LocalEulerAnglesHint.z
      value: 0
      objectReference: {fileID: 0}
    - target: {fileID: 5054831612180206923, guid: 2954f5c29859c9d448513c8bd60b3344,
        type: 3}
      propertyPath: m_Materials.Array.data[0]
      value: 
      objectReference: {fileID: 2100000, guid: 1151f4057e77ab5429143caedba0a672, type: 2}
    - target: {fileID: 5054831612180206923, guid: 2954f5c29859c9d448513c8bd60b3344,
        type: 3}
      propertyPath: m_Materials.Array.data[1]
      value: 
      objectReference: {fileID: 2100000, guid: 2112410f07969004294194662081a6bd, type: 2}
    m_RemovedComponents: []
  m_SourcePrefab: {fileID: 100100000, guid: 2954f5c29859c9d448513c8bd60b3344, type: 3}
--- !u!4 &603360868755661489 stripped
Transform:
  m_CorrespondingSourceObject: {fileID: 4477206535605542485, guid: 2954f5c29859c9d448513c8bd60b3344,
    type: 3}
  m_PrefabInstance: {fileID: 3926481487798353124}
  m_PrefabAsset: {fileID: 0}
--- !u!1001 &3926481488739455738
PrefabInstance:
  m_ObjectHideFlags: 0
  serializedVersion: 2
  m_Modification:
    m_TransformParent: {fileID: 3926481487932087641}
    m_Modifications:
    - target: {fileID: 2274069194629245325, guid: 757acbc2a10061e448acfff833eae77b,
        type: 3}
      propertyPath: m_Name
      value: Stairs_Large
      objectReference: {fileID: 0}
    - target: {fileID: 2512510854937833892, guid: 757acbc2a10061e448acfff833eae77b,
        type: 3}
      propertyPath: m_Materials.Array.data[0]
      value: 
      objectReference: {fileID: 2100000, guid: 1151f4057e77ab5429143caedba0a672, type: 2}
    - target: {fileID: 2512510854937833892, guid: 757acbc2a10061e448acfff833eae77b,
        type: 3}
      propertyPath: m_Materials.Array.data[1]
      value: 
      objectReference: {fileID: 2100000, guid: 2112410f07969004294194662081a6bd, type: 2}
    - target: {fileID: 3290197451718717957, guid: 757acbc2a10061e448acfff833eae77b,
        type: 3}
      propertyPath: m_Materials.Array.data[0]
      value: 
      objectReference: {fileID: 2100000, guid: 1151f4057e77ab5429143caedba0a672, type: 2}
    - target: {fileID: 3290197451718717957, guid: 757acbc2a10061e448acfff833eae77b,
        type: 3}
      propertyPath: m_Materials.Array.data[1]
      value: 
      objectReference: {fileID: 2100000, guid: 2112410f07969004294194662081a6bd, type: 2}
    - target: {fileID: 4071229269990504970, guid: 757acbc2a10061e448acfff833eae77b,
        type: 3}
      propertyPath: m_LocalRotation.w
      value: 1
      objectReference: {fileID: 0}
    - target: {fileID: 4071229269990504970, guid: 757acbc2a10061e448acfff833eae77b,
        type: 3}
      propertyPath: m_LocalRotation.x
      value: 0
      objectReference: {fileID: 0}
    - target: {fileID: 4071229269990504970, guid: 757acbc2a10061e448acfff833eae77b,
        type: 3}
      propertyPath: m_LocalRotation.y
      value: 0
      objectReference: {fileID: 0}
    - target: {fileID: 4071229269990504970, guid: 757acbc2a10061e448acfff833eae77b,
        type: 3}
      propertyPath: m_LocalRotation.z
      value: 0
      objectReference: {fileID: 0}
    - target: {fileID: 4071229269990504970, guid: 757acbc2a10061e448acfff833eae77b,
        type: 3}
      propertyPath: m_LocalEulerAnglesHint.x
      value: 0
      objectReference: {fileID: 0}
    - target: {fileID: 4426405381140504613, guid: 757acbc2a10061e448acfff833eae77b,
        type: 3}
      propertyPath: m_Materials.Array.data[0]
      value: 
      objectReference: {fileID: 2100000, guid: 1151f4057e77ab5429143caedba0a672, type: 2}
    - target: {fileID: 4426405381140504613, guid: 757acbc2a10061e448acfff833eae77b,
        type: 3}
      propertyPath: m_Materials.Array.data[1]
      value: 
      objectReference: {fileID: 2100000, guid: 2112410f07969004294194662081a6bd, type: 2}
    - target: {fileID: 4446377331130754468, guid: 757acbc2a10061e448acfff833eae77b,
        type: 3}
      propertyPath: m_LocalRotation.w
      value: 1
      objectReference: {fileID: 0}
    - target: {fileID: 4446377331130754468, guid: 757acbc2a10061e448acfff833eae77b,
        type: 3}
      propertyPath: m_LocalRotation.x
      value: 0
      objectReference: {fileID: 0}
    - target: {fileID: 4446377331130754468, guid: 757acbc2a10061e448acfff833eae77b,
        type: 3}
      propertyPath: m_LocalRotation.y
      value: 0
      objectReference: {fileID: 0}
    - target: {fileID: 4446377331130754468, guid: 757acbc2a10061e448acfff833eae77b,
        type: 3}
      propertyPath: m_LocalRotation.z
      value: 0
      objectReference: {fileID: 0}
    - target: {fileID: 4446377331130754468, guid: 757acbc2a10061e448acfff833eae77b,
        type: 3}
      propertyPath: m_LocalEulerAnglesHint.x
      value: 0
      objectReference: {fileID: 0}
    - target: {fileID: 4446377331130754468, guid: 757acbc2a10061e448acfff833eae77b,
        type: 3}
      propertyPath: m_LocalEulerAnglesHint.y
      value: 0
      objectReference: {fileID: 0}
    - target: {fileID: 4882006969616934884, guid: 757acbc2a10061e448acfff833eae77b,
        type: 3}
      propertyPath: m_Materials.Array.data[0]
      value: 
      objectReference: {fileID: 2100000, guid: 1151f4057e77ab5429143caedba0a672, type: 2}
    - target: {fileID: 4882006969616934884, guid: 757acbc2a10061e448acfff833eae77b,
        type: 3}
      propertyPath: m_Materials.Array.data[1]
      value: 
      objectReference: {fileID: 2100000, guid: 2112410f07969004294194662081a6bd, type: 2}
    - target: {fileID: 5592233710666364470, guid: 757acbc2a10061e448acfff833eae77b,
        type: 3}
      propertyPath: m_Materials.Array.data[0]
      value: 
      objectReference: {fileID: 2100000, guid: 1151f4057e77ab5429143caedba0a672, type: 2}
    - target: {fileID: 5592233710666364470, guid: 757acbc2a10061e448acfff833eae77b,
        type: 3}
      propertyPath: m_Materials.Array.data[1]
      value: 
      objectReference: {fileID: 2100000, guid: 2112410f07969004294194662081a6bd, type: 2}
    - target: {fileID: 6089628720548694093, guid: 757acbc2a10061e448acfff833eae77b,
        type: 3}
      propertyPath: m_Materials.Array.data[0]
      value: 
      objectReference: {fileID: 2100000, guid: 1151f4057e77ab5429143caedba0a672, type: 2}
    - target: {fileID: 6089628720548694093, guid: 757acbc2a10061e448acfff833eae77b,
        type: 3}
      propertyPath: m_Materials.Array.data[1]
      value: 
      objectReference: {fileID: 2100000, guid: 2112410f07969004294194662081a6bd, type: 2}
    - target: {fileID: 6764359378915241544, guid: 757acbc2a10061e448acfff833eae77b,
        type: 3}
      propertyPath: m_RootOrder
      value: 5
      objectReference: {fileID: 0}
    - target: {fileID: 6764359378915241544, guid: 757acbc2a10061e448acfff833eae77b,
        type: 3}
      propertyPath: m_LocalPosition.x
      value: 18
      objectReference: {fileID: 0}
    - target: {fileID: 6764359378915241544, guid: 757acbc2a10061e448acfff833eae77b,
        type: 3}
      propertyPath: m_LocalPosition.y
      value: 0
      objectReference: {fileID: 0}
    - target: {fileID: 6764359378915241544, guid: 757acbc2a10061e448acfff833eae77b,
        type: 3}
      propertyPath: m_LocalPosition.z
      value: 22.5
      objectReference: {fileID: 0}
    - target: {fileID: 6764359378915241544, guid: 757acbc2a10061e448acfff833eae77b,
        type: 3}
      propertyPath: m_LocalRotation.w
      value: 1
      objectReference: {fileID: 0}
    - target: {fileID: 6764359378915241544, guid: 757acbc2a10061e448acfff833eae77b,
        type: 3}
      propertyPath: m_LocalRotation.x
      value: -0
      objectReference: {fileID: 0}
    - target: {fileID: 6764359378915241544, guid: 757acbc2a10061e448acfff833eae77b,
        type: 3}
      propertyPath: m_LocalRotation.y
      value: -0
      objectReference: {fileID: 0}
    - target: {fileID: 6764359378915241544, guid: 757acbc2a10061e448acfff833eae77b,
        type: 3}
      propertyPath: m_LocalRotation.z
      value: -0
      objectReference: {fileID: 0}
    - target: {fileID: 6764359378915241544, guid: 757acbc2a10061e448acfff833eae77b,
        type: 3}
      propertyPath: m_LocalEulerAnglesHint.x
      value: 0
      objectReference: {fileID: 0}
    - target: {fileID: 6764359378915241544, guid: 757acbc2a10061e448acfff833eae77b,
        type: 3}
      propertyPath: m_LocalEulerAnglesHint.y
      value: 0
      objectReference: {fileID: 0}
    - target: {fileID: 6764359378915241544, guid: 757acbc2a10061e448acfff833eae77b,
        type: 3}
      propertyPath: m_LocalEulerAnglesHint.z
      value: 0
      objectReference: {fileID: 0}
    - target: {fileID: 7634931542038913323, guid: 757acbc2a10061e448acfff833eae77b,
        type: 3}
      propertyPath: m_Materials.Array.data[0]
      value: 
      objectReference: {fileID: 2100000, guid: 1151f4057e77ab5429143caedba0a672, type: 2}
    - target: {fileID: 7634931542038913323, guid: 757acbc2a10061e448acfff833eae77b,
        type: 3}
      propertyPath: m_Materials.Array.data[1]
      value: 
      objectReference: {fileID: 2100000, guid: 2112410f07969004294194662081a6bd, type: 2}
    - target: {fileID: 8684525447639241329, guid: 757acbc2a10061e448acfff833eae77b,
        type: 3}
      propertyPath: m_Materials.Array.data[0]
      value: 
      objectReference: {fileID: 2100000, guid: 1151f4057e77ab5429143caedba0a672, type: 2}
    - target: {fileID: 8684525447639241329, guid: 757acbc2a10061e448acfff833eae77b,
        type: 3}
      propertyPath: m_Materials.Array.data[1]
      value: 
      objectReference: {fileID: 2100000, guid: 2112410f07969004294194662081a6bd, type: 2}
    - target: {fileID: 9147921784817622709, guid: 757acbc2a10061e448acfff833eae77b,
        type: 3}
      propertyPath: m_Materials.Array.data[0]
      value: 
      objectReference: {fileID: 2100000, guid: 1151f4057e77ab5429143caedba0a672, type: 2}
    - target: {fileID: 9147921784817622709, guid: 757acbc2a10061e448acfff833eae77b,
        type: 3}
      propertyPath: m_Materials.Array.data[1]
      value: 
      objectReference: {fileID: 2100000, guid: 2112410f07969004294194662081a6bd, type: 2}
    m_RemovedComponents: []
  m_SourcePrefab: {fileID: 100100000, guid: 757acbc2a10061e448acfff833eae77b, type: 3}
--- !u!4 &7755901250551774386 stripped
Transform:
  m_CorrespondingSourceObject: {fileID: 6764359378915241544, guid: 757acbc2a10061e448acfff833eae77b,
    type: 3}
  m_PrefabInstance: {fileID: 3926481488739455738}
  m_PrefabAsset: {fileID: 0}
--- !u!1001 &3926481489462065096
PrefabInstance:
  m_ObjectHideFlags: 0
  serializedVersion: 2
  m_Modification:
    m_TransformParent: {fileID: 3926481487932087641}
    m_Modifications:
    - target: {fileID: 319152293450349708, guid: d5920ec2e9589fa49af231931214586b,
        type: 3}
      propertyPath: m_Materials.Array.data[0]
      value: 
      objectReference: {fileID: 2100000, guid: 1151f4057e77ab5429143caedba0a672, type: 2}
    - target: {fileID: 319152293450349708, guid: d5920ec2e9589fa49af231931214586b,
        type: 3}
      propertyPath: m_Materials.Array.data[1]
      value: 
      objectReference: {fileID: 2100000, guid: 2112410f07969004294194662081a6bd, type: 2}
    - target: {fileID: 906904408372930686, guid: d5920ec2e9589fa49af231931214586b,
        type: 3}
      propertyPath: m_Materials.Array.data[0]
      value: 
      objectReference: {fileID: 2100000, guid: 1151f4057e77ab5429143caedba0a672, type: 2}
    - target: {fileID: 906904408372930686, guid: d5920ec2e9589fa49af231931214586b,
        type: 3}
      propertyPath: m_Materials.Array.data[1]
      value: 
      objectReference: {fileID: 2100000, guid: 2112410f07969004294194662081a6bd, type: 2}
    - target: {fileID: 2390336515234011269, guid: d5920ec2e9589fa49af231931214586b,
        type: 3}
      propertyPath: m_Materials.Array.data[0]
      value: 
      objectReference: {fileID: 2100000, guid: 1151f4057e77ab5429143caedba0a672, type: 2}
    - target: {fileID: 2390336515234011269, guid: d5920ec2e9589fa49af231931214586b,
        type: 3}
      propertyPath: m_Materials.Array.data[1]
      value: 
      objectReference: {fileID: 2100000, guid: 2112410f07969004294194662081a6bd, type: 2}
    - target: {fileID: 4222582139944933297, guid: d5920ec2e9589fa49af231931214586b,
        type: 3}
      propertyPath: m_Materials.Array.data[0]
      value: 
      objectReference: {fileID: 2100000, guid: 1151f4057e77ab5429143caedba0a672, type: 2}
    - target: {fileID: 4222582139944933297, guid: d5920ec2e9589fa49af231931214586b,
        type: 3}
      propertyPath: m_Materials.Array.data[1]
      value: 
      objectReference: {fileID: 2100000, guid: 2112410f07969004294194662081a6bd, type: 2}
    - target: {fileID: 4920729851645735373, guid: d5920ec2e9589fa49af231931214586b,
        type: 3}
      propertyPath: m_Materials.Array.data[0]
      value: 
      objectReference: {fileID: 2100000, guid: 1151f4057e77ab5429143caedba0a672, type: 2}
    - target: {fileID: 4920729851645735373, guid: d5920ec2e9589fa49af231931214586b,
        type: 3}
      propertyPath: m_Materials.Array.data[1]
      value: 
      objectReference: {fileID: 2100000, guid: 2112410f07969004294194662081a6bd, type: 2}
    - target: {fileID: 5186931739328804858, guid: d5920ec2e9589fa49af231931214586b,
        type: 3}
      propertyPath: m_Materials.Array.data[0]
      value: 
      objectReference: {fileID: 2100000, guid: 1151f4057e77ab5429143caedba0a672, type: 2}
    - target: {fileID: 5186931739328804858, guid: d5920ec2e9589fa49af231931214586b,
        type: 3}
      propertyPath: m_Materials.Array.data[1]
      value: 
      objectReference: {fileID: 2100000, guid: 2112410f07969004294194662081a6bd, type: 2}
    - target: {fileID: 5963937743390997973, guid: d5920ec2e9589fa49af231931214586b,
        type: 3}
      propertyPath: m_RootOrder
      value: 6
      objectReference: {fileID: 0}
    - target: {fileID: 5963937743390997973, guid: d5920ec2e9589fa49af231931214586b,
        type: 3}
      propertyPath: m_LocalScale.z
      value: 1
      objectReference: {fileID: 0}
    - target: {fileID: 5963937743390997973, guid: d5920ec2e9589fa49af231931214586b,
        type: 3}
      propertyPath: m_LocalPosition.x
      value: 6
      objectReference: {fileID: 0}
    - target: {fileID: 5963937743390997973, guid: d5920ec2e9589fa49af231931214586b,
        type: 3}
      propertyPath: m_LocalPosition.y
      value: 8
      objectReference: {fileID: 0}
    - target: {fileID: 5963937743390997973, guid: d5920ec2e9589fa49af231931214586b,
        type: 3}
      propertyPath: m_LocalPosition.z
      value: 40.5
      objectReference: {fileID: 0}
    - target: {fileID: 5963937743390997973, guid: d5920ec2e9589fa49af231931214586b,
        type: 3}
      propertyPath: m_LocalRotation.w
      value: 1
      objectReference: {fileID: 0}
    - target: {fileID: 5963937743390997973, guid: d5920ec2e9589fa49af231931214586b,
        type: 3}
      propertyPath: m_LocalRotation.x
      value: -0
      objectReference: {fileID: 0}
    - target: {fileID: 5963937743390997973, guid: d5920ec2e9589fa49af231931214586b,
        type: 3}
      propertyPath: m_LocalRotation.y
      value: -0
      objectReference: {fileID: 0}
    - target: {fileID: 5963937743390997973, guid: d5920ec2e9589fa49af231931214586b,
        type: 3}
      propertyPath: m_LocalRotation.z
      value: -0
      objectReference: {fileID: 0}
    - target: {fileID: 5963937743390997973, guid: d5920ec2e9589fa49af231931214586b,
        type: 3}
      propertyPath: m_LocalEulerAnglesHint.x
      value: 0
      objectReference: {fileID: 0}
    - target: {fileID: 5963937743390997973, guid: d5920ec2e9589fa49af231931214586b,
        type: 3}
      propertyPath: m_LocalEulerAnglesHint.y
      value: 0
      objectReference: {fileID: 0}
    - target: {fileID: 5963937743390997973, guid: d5920ec2e9589fa49af231931214586b,
        type: 3}
      propertyPath: m_LocalEulerAnglesHint.z
      value: 0
      objectReference: {fileID: 0}
    - target: {fileID: 5963937743390997974, guid: d5920ec2e9589fa49af231931214586b,
        type: 3}
      propertyPath: m_Name
      value: Floor_3x3
      objectReference: {fileID: 0}
    - target: {fileID: 5963937743390997974, guid: d5920ec2e9589fa49af231931214586b,
        type: 3}
      propertyPath: m_IsActive
      value: 1
      objectReference: {fileID: 0}
    - target: {fileID: 6931953025378443774, guid: d5920ec2e9589fa49af231931214586b,
        type: 3}
      propertyPath: m_Materials.Array.data[0]
      value: 
      objectReference: {fileID: 2100000, guid: 1151f4057e77ab5429143caedba0a672, type: 2}
    - target: {fileID: 6931953025378443774, guid: d5920ec2e9589fa49af231931214586b,
        type: 3}
      propertyPath: m_Materials.Array.data[1]
      value: 
      objectReference: {fileID: 2100000, guid: 2112410f07969004294194662081a6bd, type: 2}
    - target: {fileID: 7743005000659888728, guid: d5920ec2e9589fa49af231931214586b,
        type: 3}
      propertyPath: m_Materials.Array.data[0]
      value: 
      objectReference: {fileID: 2100000, guid: 1151f4057e77ab5429143caedba0a672, type: 2}
    - target: {fileID: 7743005000659888728, guid: d5920ec2e9589fa49af231931214586b,
        type: 3}
      propertyPath: m_Materials.Array.data[1]
      value: 
      objectReference: {fileID: 2100000, guid: 2112410f07969004294194662081a6bd, type: 2}
    - target: {fileID: 9174756667899816694, guid: d5920ec2e9589fa49af231931214586b,
        type: 3}
      propertyPath: m_Materials.Array.data[0]
      value: 
      objectReference: {fileID: 2100000, guid: 1151f4057e77ab5429143caedba0a672, type: 2}
    - target: {fileID: 9174756667899816694, guid: d5920ec2e9589fa49af231931214586b,
        type: 3}
      propertyPath: m_Materials.Array.data[1]
      value: 
      objectReference: {fileID: 2100000, guid: 2112410f07969004294194662081a6bd, type: 2}
    m_RemovedComponents: []
  m_SourcePrefab: {fileID: 100100000, guid: d5920ec2e9589fa49af231931214586b, type: 3}
--- !u!4 &7257977255363938845 stripped
Transform:
  m_CorrespondingSourceObject: {fileID: 5963937743390997973, guid: d5920ec2e9589fa49af231931214586b,
    type: 3}
  m_PrefabInstance: {fileID: 3926481489462065096}
  m_PrefabAsset: {fileID: 0}
