%YAML 1.1
%TAG !u! tag:unity3d.com,2011:
--- !u!1 &7475256037057260970
GameObject:
  m_ObjectHideFlags: 0
  m_CorrespondingSourceObject: {fileID: 0}
  m_PrefabInstance: {fileID: 0}
  m_PrefabAsset: {fileID: 0}
  serializedVersion: 6
  m_Component:
  - component: {fileID: 6682341234325445888}
  m_Layer: 0
  m_Name: Crawl_Ramp3x3
  m_TagString: Untagged
  m_Icon: {fileID: 0}
  m_NavMeshLayer: 0
  m_StaticEditorFlags: 0
  m_IsActive: 1
--- !u!4 &6682341234325445888
Transform:
  m_ObjectHideFlags: 0
  m_CorrespondingSourceObject: {fileID: 0}
  m_PrefabInstance: {fileID: 0}
  m_PrefabAsset: {fileID: 0}
  m_GameObject: {fileID: 7475256037057260970}
  m_LocalRotation: {x: 0, y: 0, z: 0, w: 1}
  m_LocalPosition: {x: 0, y: 0, z: 171}
  m_LocalScale: {x: 1, y: 1, z: 1}
  m_Children:
  - {fileID: 910777520054367065}
  - {fileID: 7544888690908102803}
  - {fileID: 1767427400218691279}
  m_Father: {fileID: 0}
  m_RootOrder: 0
  m_LocalEulerAnglesHint: {x: 0, y: 0, z: 0}
--- !u!1001 &3101385253546522750
PrefabInstance:
  m_ObjectHideFlags: 0
  serializedVersion: 2
  m_Modification:
    m_TransformParent: {fileID: 6682341234325445888}
    m_Modifications:
    - target: {fileID: 116925452492679149, guid: bf72addb49312404c8892098d8d911ad,
        type: 3}
      propertyPath: m_IsActive
      value: 0
      objectReference: {fileID: 0}
    - target: {fileID: 227895269406852365, guid: bf72addb49312404c8892098d8d911ad,
        type: 3}
      propertyPath: m_Materials.Array.data[0]
      value: 
      objectReference: {fileID: 2100000, guid: 993b4056d6b0f8441bc26fe63f4babd5, type: 2}
    - target: {fileID: 392421301891743373, guid: bf72addb49312404c8892098d8d911ad,
        type: 3}
      propertyPath: m_Materials.Array.data[0]
      value: 
      objectReference: {fileID: 2100000, guid: 993b4056d6b0f8441bc26fe63f4babd5, type: 2}
    - target: {fileID: 617732233939741941, guid: bf72addb49312404c8892098d8d911ad,
        type: 3}
      propertyPath: m_Materials.Array.data[0]
      value: 
      objectReference: {fileID: 2100000, guid: 993b4056d6b0f8441bc26fe63f4babd5, type: 2}
    - target: {fileID: 645918601912131647, guid: bf72addb49312404c8892098d8d911ad,
        type: 3}
      propertyPath: m_Mesh
      value: 
      objectReference: {fileID: 0}
    - target: {fileID: 669901350880598792, guid: bf72addb49312404c8892098d8d911ad,
        type: 3}
      propertyPath: m_Materials.Array.data[0]
      value: 
      objectReference: {fileID: 2100000, guid: 993b4056d6b0f8441bc26fe63f4babd5, type: 2}
    - target: {fileID: 912131576394678828, guid: bf72addb49312404c8892098d8d911ad,
        type: 3}
      propertyPath: m_Materials.Array.data[0]
      value: 
      objectReference: {fileID: 2100000, guid: 993b4056d6b0f8441bc26fe63f4babd5, type: 2}
    - target: {fileID: 1023544890521118584, guid: bf72addb49312404c8892098d8d911ad,
        type: 3}
      propertyPath: m_Materials.Array.data[0]
      value: 
      objectReference: {fileID: 2100000, guid: 993b4056d6b0f8441bc26fe63f4babd5, type: 2}
    - target: {fileID: 1524599217860459169, guid: bf72addb49312404c8892098d8d911ad,
        type: 3}
      propertyPath: m_Materials.Array.data[0]
      value: 
      objectReference: {fileID: 2100000, guid: 993b4056d6b0f8441bc26fe63f4babd5, type: 2}
    - target: {fileID: 1541975001441522323, guid: bf72addb49312404c8892098d8d911ad,
        type: 3}
      propertyPath: m_Materials.Array.data[0]
      value: 
      objectReference: {fileID: 2100000, guid: 993b4056d6b0f8441bc26fe63f4babd5, type: 2}
    - target: {fileID: 1676772151845351386, guid: bf72addb49312404c8892098d8d911ad,
        type: 3}
      propertyPath: m_Mesh
      value: 
      objectReference: {fileID: 0}
    - target: {fileID: 1857439702209236041, guid: bf72addb49312404c8892098d8d911ad,
        type: 3}
      propertyPath: m_Materials.Array.data[0]
      value: 
      objectReference: {fileID: 2100000, guid: 993b4056d6b0f8441bc26fe63f4babd5, type: 2}
    - target: {fileID: 1968077356017323437, guid: bf72addb49312404c8892098d8d911ad,
        type: 3}
      propertyPath: m_Materials.Array.data[0]
      value: 
      objectReference: {fileID: 2100000, guid: 993b4056d6b0f8441bc26fe63f4babd5, type: 2}
    - target: {fileID: 2131584562722699311, guid: bf72addb49312404c8892098d8d911ad,
        type: 3}
      propertyPath: m_IsActive
      value: 0
      objectReference: {fileID: 0}
    - target: {fileID: 2446865598332992897, guid: bf72addb49312404c8892098d8d911ad,
        type: 3}
      propertyPath: m_IsActive
      value: 0
      objectReference: {fileID: 0}
    - target: {fileID: 2551879237336033403, guid: bf72addb49312404c8892098d8d911ad,
        type: 3}
      propertyPath: m_Materials.Array.data[0]
      value: 
      objectReference: {fileID: 2100000, guid: 993b4056d6b0f8441bc26fe63f4babd5, type: 2}
    - target: {fileID: 2762004108914366409, guid: bf72addb49312404c8892098d8d911ad,
        type: 3}
      propertyPath: m_IsActive
      value: 0
      objectReference: {fileID: 0}
    - target: {fileID: 2858077263860468519, guid: bf72addb49312404c8892098d8d911ad,
        type: 3}
      propertyPath: m_RootOrder
      value: 0
      objectReference: {fileID: 0}
    - target: {fileID: 2858077263860468519, guid: bf72addb49312404c8892098d8d911ad,
        type: 3}
      propertyPath: m_LocalPosition.x
      value: 6
      objectReference: {fileID: 0}
    - target: {fileID: 2858077263860468519, guid: bf72addb49312404c8892098d8d911ad,
        type: 3}
      propertyPath: m_LocalPosition.y
      value: 0
      objectReference: {fileID: 0}
    - target: {fileID: 2858077263860468519, guid: bf72addb49312404c8892098d8d911ad,
        type: 3}
      propertyPath: m_LocalPosition.z
      value: 0
      objectReference: {fileID: 0}
    - target: {fileID: 2858077263860468519, guid: bf72addb49312404c8892098d8d911ad,
        type: 3}
      propertyPath: m_LocalRotation.w
      value: 0.7071068
      objectReference: {fileID: 0}
    - target: {fileID: 2858077263860468519, guid: bf72addb49312404c8892098d8d911ad,
        type: 3}
      propertyPath: m_LocalRotation.x
      value: -0
      objectReference: {fileID: 0}
    - target: {fileID: 2858077263860468519, guid: bf72addb49312404c8892098d8d911ad,
        type: 3}
      propertyPath: m_LocalRotation.y
      value: -0.7071068
      objectReference: {fileID: 0}
    - target: {fileID: 2858077263860468519, guid: bf72addb49312404c8892098d8d911ad,
        type: 3}
      propertyPath: m_LocalRotation.z
      value: -0
      objectReference: {fileID: 0}
    - target: {fileID: 2858077263860468519, guid: bf72addb49312404c8892098d8d911ad,
        type: 3}
      propertyPath: m_LocalEulerAnglesHint.x
      value: 0
      objectReference: {fileID: 0}
    - target: {fileID: 2858077263860468519, guid: bf72addb49312404c8892098d8d911ad,
        type: 3}
      propertyPath: m_LocalEulerAnglesHint.y
      value: -90
      objectReference: {fileID: 0}
    - target: {fileID: 2858077263860468519, guid: bf72addb49312404c8892098d8d911ad,
        type: 3}
      propertyPath: m_LocalEulerAnglesHint.z
      value: 0
      objectReference: {fileID: 0}
    - target: {fileID: 2986011887209183508, guid: bf72addb49312404c8892098d8d911ad,
        type: 3}
      propertyPath: m_Materials.Array.data[0]
      value: 
      objectReference: {fileID: 2100000, guid: 993b4056d6b0f8441bc26fe63f4babd5, type: 2}
    - target: {fileID: 3014791188743043335, guid: bf72addb49312404c8892098d8d911ad,
        type: 3}
      propertyPath: m_Materials.Array.data[0]
      value: 
      objectReference: {fileID: 2100000, guid: 993b4056d6b0f8441bc26fe63f4babd5, type: 2}
    - target: {fileID: 3459075521305355745, guid: bf72addb49312404c8892098d8d911ad,
        type: 3}
      propertyPath: m_IsActive
      value: 0
      objectReference: {fileID: 0}
    - target: {fileID: 3546493360640594528, guid: bf72addb49312404c8892098d8d911ad,
        type: 3}
      propertyPath: m_Materials.Array.data[0]
      value: 
      objectReference: {fileID: 2100000, guid: 993b4056d6b0f8441bc26fe63f4babd5, type: 2}
    - target: {fileID: 3581197135852657763, guid: bf72addb49312404c8892098d8d911ad,
        type: 3}
      propertyPath: m_Materials.Array.data[0]
      value: 
      objectReference: {fileID: 2100000, guid: 993b4056d6b0f8441bc26fe63f4babd5, type: 2}
    - target: {fileID: 3760054683573621048, guid: bf72addb49312404c8892098d8d911ad,
        type: 3}
      propertyPath: m_Materials.Array.data[0]
      value: 
      objectReference: {fileID: 2100000, guid: 993b4056d6b0f8441bc26fe63f4babd5, type: 2}
    - target: {fileID: 4108330224446672559, guid: bf72addb49312404c8892098d8d911ad,
        type: 3}
      propertyPath: m_IsActive
      value: 0
      objectReference: {fileID: 0}
    - target: {fileID: 4265604110384183369, guid: bf72addb49312404c8892098d8d911ad,
        type: 3}
      propertyPath: m_Materials.Array.data[0]
      value: 
      objectReference: {fileID: 2100000, guid: 993b4056d6b0f8441bc26fe63f4babd5, type: 2}
    - target: {fileID: 4329768926207430355, guid: bf72addb49312404c8892098d8d911ad,
        type: 3}
      propertyPath: m_Materials.Array.data[0]
      value: 
      objectReference: {fileID: 2100000, guid: 993b4056d6b0f8441bc26fe63f4babd5, type: 2}
    - target: {fileID: 4339188240571714479, guid: bf72addb49312404c8892098d8d911ad,
        type: 3}
      propertyPath: m_Materials.Array.data[0]
      value: 
      objectReference: {fileID: 2100000, guid: 993b4056d6b0f8441bc26fe63f4babd5, type: 2}
    - target: {fileID: 4907254691864393615, guid: bf72addb49312404c8892098d8d911ad,
        type: 3}
      propertyPath: m_Materials.Array.data[0]
      value: 
      objectReference: {fileID: 2100000, guid: 993b4056d6b0f8441bc26fe63f4babd5, type: 2}
    - target: {fileID: 5113276890821551246, guid: bf72addb49312404c8892098d8d911ad,
        type: 3}
      propertyPath: m_Materials.Array.data[0]
      value: 
      objectReference: {fileID: 2100000, guid: 993b4056d6b0f8441bc26fe63f4babd5, type: 2}
    - target: {fileID: 5275048983901468505, guid: bf72addb49312404c8892098d8d911ad,
        type: 3}
      propertyPath: m_Mesh
      value: 
      objectReference: {fileID: 0}
    - target: {fileID: 5436708250832696130, guid: bf72addb49312404c8892098d8d911ad,
        type: 3}
      propertyPath: m_Materials.Array.data[0]
      value: 
      objectReference: {fileID: 2100000, guid: 993b4056d6b0f8441bc26fe63f4babd5, type: 2}
    - target: {fileID: 5534504523755670378, guid: bf72addb49312404c8892098d8d911ad,
        type: 3}
      propertyPath: m_IsActive
      value: 0
      objectReference: {fileID: 0}
    - target: {fileID: 5555142867900202135, guid: bf72addb49312404c8892098d8d911ad,
        type: 3}
      propertyPath: m_IsActive
      value: 0
      objectReference: {fileID: 0}
    - target: {fileID: 5821621625362050123, guid: bf72addb49312404c8892098d8d911ad,
        type: 3}
      propertyPath: m_Materials.Array.data[0]
      value: 
      objectReference: {fileID: 2100000, guid: 993b4056d6b0f8441bc26fe63f4babd5, type: 2}
    - target: {fileID: 5987348889122117158, guid: bf72addb49312404c8892098d8d911ad,
        type: 3}
      propertyPath: m_Materials.Array.data[0]
      value: 
      objectReference: {fileID: 2100000, guid: 993b4056d6b0f8441bc26fe63f4babd5, type: 2}
    - target: {fileID: 6648305502286945323, guid: bf72addb49312404c8892098d8d911ad,
        type: 3}
      propertyPath: m_IsActive
      value: 0
      objectReference: {fileID: 0}
    - target: {fileID: 6784706594672709040, guid: bf72addb49312404c8892098d8d911ad,
        type: 3}
      propertyPath: m_Materials.Array.data[0]
      value: 
      objectReference: {fileID: 2100000, guid: 993b4056d6b0f8441bc26fe63f4babd5, type: 2}
    - target: {fileID: 7028922855848846891, guid: bf72addb49312404c8892098d8d911ad,
        type: 3}
      propertyPath: m_Materials.Array.data[0]
      value: 
      objectReference: {fileID: 2100000, guid: 993b4056d6b0f8441bc26fe63f4babd5, type: 2}
    - target: {fileID: 7070730279172493884, guid: bf72addb49312404c8892098d8d911ad,
        type: 3}
      propertyPath: m_Name
      value: Crawl_Ramp
      objectReference: {fileID: 0}
    - target: {fileID: 7070730279172493884, guid: bf72addb49312404c8892098d8d911ad,
        type: 3}
      propertyPath: m_IsActive
      value: 1
      objectReference: {fileID: 0}
    - target: {fileID: 7192786447891765611, guid: bf72addb49312404c8892098d8d911ad,
        type: 3}
      propertyPath: m_IsActive
      value: 1
      objectReference: {fileID: 0}
    - target: {fileID: 7192786447894022059, guid: bf72addb49312404c8892098d8d911ad,
        type: 3}
      propertyPath: m_Materials.Array.data[0]
      value: 
      objectReference: {fileID: 2100000, guid: 993b4056d6b0f8441bc26fe63f4babd5, type: 2}
    - target: {fileID: 7237414876505173475, guid: bf72addb49312404c8892098d8d911ad,
        type: 3}
      propertyPath: m_Materials.Array.data[0]
      value: 
      objectReference: {fileID: 2100000, guid: 993b4056d6b0f8441bc26fe63f4babd5, type: 2}
    - target: {fileID: 7445873325395367694, guid: bf72addb49312404c8892098d8d911ad,
        type: 3}
      propertyPath: m_IsActive
      value: 1
      objectReference: {fileID: 0}
    - target: {fileID: 7620932367459491986, guid: bf72addb49312404c8892098d8d911ad,
        type: 3}
      propertyPath: m_Materials.Array.data[0]
      value: 
      objectReference: {fileID: 2100000, guid: 993b4056d6b0f8441bc26fe63f4babd5, type: 2}
    - target: {fileID: 7720801239208109317, guid: bf72addb49312404c8892098d8d911ad,
        type: 3}
      propertyPath: m_Materials.Array.data[0]
      value: 
      objectReference: {fileID: 2100000, guid: 993b4056d6b0f8441bc26fe63f4babd5, type: 2}
    - target: {fileID: 8468016259660952963, guid: bf72addb49312404c8892098d8d911ad,
        type: 3}
      propertyPath: m_Materials.Array.data[0]
      value: 
      objectReference: {fileID: 2100000, guid: 993b4056d6b0f8441bc26fe63f4babd5, type: 2}
    - target: {fileID: 8532470117061733645, guid: bf72addb49312404c8892098d8d911ad,
        type: 3}
      propertyPath: m_Materials.Array.data[0]
      value: 
      objectReference: {fileID: 2100000, guid: 993b4056d6b0f8441bc26fe63f4babd5, type: 2}
    - target: {fileID: 8784344745121507884, guid: bf72addb49312404c8892098d8d911ad,
        type: 3}
      propertyPath: m_Materials.Array.data[0]
      value: 
      objectReference: {fileID: 2100000, guid: 993b4056d6b0f8441bc26fe63f4babd5, type: 2}
    - target: {fileID: 8973085406066122445, guid: bf72addb49312404c8892098d8d911ad,
        type: 3}
      propertyPath: m_Materials.Array.data[0]
      value: 
      objectReference: {fileID: 2100000, guid: 993b4056d6b0f8441bc26fe63f4babd5, type: 2}
    - target: {fileID: 9029162786120087500, guid: bf72addb49312404c8892098d8d911ad,
        type: 3}
      propertyPath: m_Materials.Array.data[0]
      value: 
      objectReference: {fileID: 2100000, guid: 993b4056d6b0f8441bc26fe63f4babd5, type: 2}
    - target: {fileID: 9201926694367662508, guid: bf72addb49312404c8892098d8d911ad,
        type: 3}
      propertyPath: m_Materials.Array.data[0]
      value: 
      objectReference: {fileID: 2100000, guid: 993b4056d6b0f8441bc26fe63f4babd5, type: 2}
    m_RemovedComponents: []
  m_SourcePrefab: {fileID: 100100000, guid: bf72addb49312404c8892098d8d911ad, type: 3}
--- !u!4 &910777520054367065 stripped
Transform:
  m_CorrespondingSourceObject: {fileID: 2858077263860468519, guid: bf72addb49312404c8892098d8d911ad,
    type: 3}
  m_PrefabInstance: {fileID: 3101385253546522750}
  m_PrefabAsset: {fileID: 0}
--- !u!1001 &4552796157412494824
PrefabInstance:
  m_ObjectHideFlags: 0
  serializedVersion: 2
  m_Modification:
    m_TransformParent: {fileID: 6682341234325445888}
    m_Modifications:
    - target: {fileID: 116925452492679149, guid: bf72addb49312404c8892098d8d911ad,
        type: 3}
      propertyPath: m_IsActive
      value: 0
      objectReference: {fileID: 0}
    - target: {fileID: 227895269406852365, guid: bf72addb49312404c8892098d8d911ad,
        type: 3}
      propertyPath: m_Materials.Array.data[0]
      value: 
      objectReference: {fileID: 2100000, guid: 993b4056d6b0f8441bc26fe63f4babd5, type: 2}
    - target: {fileID: 392421301891743373, guid: bf72addb49312404c8892098d8d911ad,
        type: 3}
      propertyPath: m_Materials.Array.data[0]
      value: 
      objectReference: {fileID: 2100000, guid: 993b4056d6b0f8441bc26fe63f4babd5, type: 2}
    - target: {fileID: 617732233939741941, guid: bf72addb49312404c8892098d8d911ad,
        type: 3}
      propertyPath: m_Materials.Array.data[0]
      value: 
      objectReference: {fileID: 2100000, guid: 993b4056d6b0f8441bc26fe63f4babd5, type: 2}
    - target: {fileID: 645918601912131647, guid: bf72addb49312404c8892098d8d911ad,
        type: 3}
      propertyPath: m_Mesh
      value: 
      objectReference: {fileID: 0}
    - target: {fileID: 669901350880598792, guid: bf72addb49312404c8892098d8d911ad,
        type: 3}
      propertyPath: m_Materials.Array.data[0]
      value: 
      objectReference: {fileID: 2100000, guid: 993b4056d6b0f8441bc26fe63f4babd5, type: 2}
    - target: {fileID: 912131576394678828, guid: bf72addb49312404c8892098d8d911ad,
        type: 3}
      propertyPath: m_Materials.Array.data[0]
      value: 
      objectReference: {fileID: 2100000, guid: 993b4056d6b0f8441bc26fe63f4babd5, type: 2}
    - target: {fileID: 1023544890521118584, guid: bf72addb49312404c8892098d8d911ad,
        type: 3}
      propertyPath: m_Materials.Array.data[0]
      value: 
      objectReference: {fileID: 2100000, guid: 993b4056d6b0f8441bc26fe63f4babd5, type: 2}
    - target: {fileID: 1524599217860459169, guid: bf72addb49312404c8892098d8d911ad,
        type: 3}
      propertyPath: m_Materials.Array.data[0]
      value: 
      objectReference: {fileID: 2100000, guid: 993b4056d6b0f8441bc26fe63f4babd5, type: 2}
    - target: {fileID: 1541975001441522323, guid: bf72addb49312404c8892098d8d911ad,
        type: 3}
      propertyPath: m_Materials.Array.data[0]
      value: 
      objectReference: {fileID: 2100000, guid: 993b4056d6b0f8441bc26fe63f4babd5, type: 2}
    - target: {fileID: 1676772151845351386, guid: bf72addb49312404c8892098d8d911ad,
        type: 3}
      propertyPath: m_Mesh
      value: 
      objectReference: {fileID: 0}
    - target: {fileID: 1857439702209236041, guid: bf72addb49312404c8892098d8d911ad,
        type: 3}
      propertyPath: m_Materials.Array.data[0]
      value: 
      objectReference: {fileID: 2100000, guid: 993b4056d6b0f8441bc26fe63f4babd5, type: 2}
    - target: {fileID: 1968077356017323437, guid: bf72addb49312404c8892098d8d911ad,
        type: 3}
      propertyPath: m_Materials.Array.data[0]
      value: 
      objectReference: {fileID: 2100000, guid: 993b4056d6b0f8441bc26fe63f4babd5, type: 2}
    - target: {fileID: 2131584562722699311, guid: bf72addb49312404c8892098d8d911ad,
        type: 3}
      propertyPath: m_IsActive
      value: 0
      objectReference: {fileID: 0}
    - target: {fileID: 2446865598332992897, guid: bf72addb49312404c8892098d8d911ad,
        type: 3}
      propertyPath: m_IsActive
      value: 0
      objectReference: {fileID: 0}
    - target: {fileID: 2551879237336033403, guid: bf72addb49312404c8892098d8d911ad,
        type: 3}
      propertyPath: m_Materials.Array.data[0]
      value: 
      objectReference: {fileID: 2100000, guid: 993b4056d6b0f8441bc26fe63f4babd5, type: 2}
    - target: {fileID: 2762004108914366409, guid: bf72addb49312404c8892098d8d911ad,
        type: 3}
      propertyPath: m_IsActive
      value: 0
      objectReference: {fileID: 0}
    - target: {fileID: 2858077263860468519, guid: bf72addb49312404c8892098d8d911ad,
        type: 3}
      propertyPath: m_RootOrder
      value: 2
      objectReference: {fileID: 0}
    - target: {fileID: 2858077263860468519, guid: bf72addb49312404c8892098d8d911ad,
        type: 3}
      propertyPath: m_LocalScale.z
      value: -1
      objectReference: {fileID: 0}
    - target: {fileID: 2858077263860468519, guid: bf72addb49312404c8892098d8d911ad,
        type: 3}
      propertyPath: m_LocalPosition.x
      value: 3
      objectReference: {fileID: 0}
    - target: {fileID: 2858077263860468519, guid: bf72addb49312404c8892098d8d911ad,
        type: 3}
      propertyPath: m_LocalPosition.y
      value: 0
      objectReference: {fileID: 0}
    - target: {fileID: 2858077263860468519, guid: bf72addb49312404c8892098d8d911ad,
        type: 3}
      propertyPath: m_LocalPosition.z
      value: 0
      objectReference: {fileID: 0}
    - target: {fileID: 2858077263860468519, guid: bf72addb49312404c8892098d8d911ad,
        type: 3}
      propertyPath: m_LocalRotation.w
      value: 0.7071068
      objectReference: {fileID: 0}
    - target: {fileID: 2858077263860468519, guid: bf72addb49312404c8892098d8d911ad,
        type: 3}
      propertyPath: m_LocalRotation.x
      value: -0
      objectReference: {fileID: 0}
    - target: {fileID: 2858077263860468519, guid: bf72addb49312404c8892098d8d911ad,
        type: 3}
      propertyPath: m_LocalRotation.y
      value: -0.7071068
      objectReference: {fileID: 0}
    - target: {fileID: 2858077263860468519, guid: bf72addb49312404c8892098d8d911ad,
        type: 3}
      propertyPath: m_LocalRotation.z
      value: -0
      objectReference: {fileID: 0}
    - target: {fileID: 2858077263860468519, guid: bf72addb49312404c8892098d8d911ad,
        type: 3}
      propertyPath: m_LocalEulerAnglesHint.x
      value: 0
      objectReference: {fileID: 0}
    - target: {fileID: 2858077263860468519, guid: bf72addb49312404c8892098d8d911ad,
        type: 3}
      propertyPath: m_LocalEulerAnglesHint.y
      value: -90
      objectReference: {fileID: 0}
    - target: {fileID: 2858077263860468519, guid: bf72addb49312404c8892098d8d911ad,
        type: 3}
      propertyPath: m_LocalEulerAnglesHint.z
      value: 0
      objectReference: {fileID: 0}
    - target: {fileID: 2986011887209183508, guid: bf72addb49312404c8892098d8d911ad,
        type: 3}
      propertyPath: m_Materials.Array.data[0]
      value: 
      objectReference: {fileID: 2100000, guid: 993b4056d6b0f8441bc26fe63f4babd5, type: 2}
    - target: {fileID: 3014791188743043335, guid: bf72addb49312404c8892098d8d911ad,
        type: 3}
      propertyPath: m_Materials.Array.data[0]
      value: 
      objectReference: {fileID: 2100000, guid: 993b4056d6b0f8441bc26fe63f4babd5, type: 2}
    - target: {fileID: 3459075521305355745, guid: bf72addb49312404c8892098d8d911ad,
        type: 3}
      propertyPath: m_IsActive
      value: 0
      objectReference: {fileID: 0}
    - target: {fileID: 3546493360640594528, guid: bf72addb49312404c8892098d8d911ad,
        type: 3}
      propertyPath: m_Materials.Array.data[0]
      value: 
      objectReference: {fileID: 2100000, guid: 993b4056d6b0f8441bc26fe63f4babd5, type: 2}
    - target: {fileID: 3581197135852657763, guid: bf72addb49312404c8892098d8d911ad,
        type: 3}
      propertyPath: m_Materials.Array.data[0]
      value: 
      objectReference: {fileID: 2100000, guid: 993b4056d6b0f8441bc26fe63f4babd5, type: 2}
    - target: {fileID: 3760054683573621048, guid: bf72addb49312404c8892098d8d911ad,
        type: 3}
      propertyPath: m_Materials.Array.data[0]
      value: 
      objectReference: {fileID: 2100000, guid: 993b4056d6b0f8441bc26fe63f4babd5, type: 2}
    - target: {fileID: 4108330224446672559, guid: bf72addb49312404c8892098d8d911ad,
        type: 3}
      propertyPath: m_IsActive
      value: 0
      objectReference: {fileID: 0}
    - target: {fileID: 4265604110384183369, guid: bf72addb49312404c8892098d8d911ad,
        type: 3}
      propertyPath: m_Materials.Array.data[0]
      value: 
      objectReference: {fileID: 2100000, guid: 993b4056d6b0f8441bc26fe63f4babd5, type: 2}
    - target: {fileID: 4329768926207430355, guid: bf72addb49312404c8892098d8d911ad,
        type: 3}
      propertyPath: m_Materials.Array.data[0]
      value: 
      objectReference: {fileID: 2100000, guid: 993b4056d6b0f8441bc26fe63f4babd5, type: 2}
    - target: {fileID: 4339188240571714479, guid: bf72addb49312404c8892098d8d911ad,
        type: 3}
      propertyPath: m_Materials.Array.data[0]
      value: 
      objectReference: {fileID: 2100000, guid: 993b4056d6b0f8441bc26fe63f4babd5, type: 2}
    - target: {fileID: 4907254691864393615, guid: bf72addb49312404c8892098d8d911ad,
        type: 3}
      propertyPath: m_Materials.Array.data[0]
      value: 
      objectReference: {fileID: 2100000, guid: 993b4056d6b0f8441bc26fe63f4babd5, type: 2}
    - target: {fileID: 5113276890821551246, guid: bf72addb49312404c8892098d8d911ad,
        type: 3}
      propertyPath: m_Materials.Array.data[0]
      value: 
      objectReference: {fileID: 2100000, guid: 993b4056d6b0f8441bc26fe63f4babd5, type: 2}
    - target: {fileID: 5275048983901468505, guid: bf72addb49312404c8892098d8d911ad,
        type: 3}
      propertyPath: m_Mesh
      value: 
      objectReference: {fileID: 0}
    - target: {fileID: 5436708250832696130, guid: bf72addb49312404c8892098d8d911ad,
        type: 3}
      propertyPath: m_Materials.Array.data[0]
      value: 
      objectReference: {fileID: 2100000, guid: 993b4056d6b0f8441bc26fe63f4babd5, type: 2}
    - target: {fileID: 5534504523755670378, guid: bf72addb49312404c8892098d8d911ad,
        type: 3}
      propertyPath: m_IsActive
      value: 0
      objectReference: {fileID: 0}
    - target: {fileID: 5555142867900202135, guid: bf72addb49312404c8892098d8d911ad,
        type: 3}
      propertyPath: m_IsActive
      value: 0
      objectReference: {fileID: 0}
    - target: {fileID: 5821621625362050123, guid: bf72addb49312404c8892098d8d911ad,
        type: 3}
      propertyPath: m_Materials.Array.data[0]
      value: 
      objectReference: {fileID: 2100000, guid: 993b4056d6b0f8441bc26fe63f4babd5, type: 2}
    - target: {fileID: 5987348889122117158, guid: bf72addb49312404c8892098d8d911ad,
        type: 3}
      propertyPath: m_Materials.Array.data[0]
      value: 
      objectReference: {fileID: 2100000, guid: 993b4056d6b0f8441bc26fe63f4babd5, type: 2}
    - target: {fileID: 6648305502286945323, guid: bf72addb49312404c8892098d8d911ad,
        type: 3}
      propertyPath: m_IsActive
      value: 0
      objectReference: {fileID: 0}
    - target: {fileID: 6784706594672709040, guid: bf72addb49312404c8892098d8d911ad,
        type: 3}
      propertyPath: m_Materials.Array.data[0]
      value: 
      objectReference: {fileID: 2100000, guid: 993b4056d6b0f8441bc26fe63f4babd5, type: 2}
    - target: {fileID: 7028922855848846891, guid: bf72addb49312404c8892098d8d911ad,
        type: 3}
      propertyPath: m_Materials.Array.data[0]
      value: 
      objectReference: {fileID: 2100000, guid: 993b4056d6b0f8441bc26fe63f4babd5, type: 2}
    - target: {fileID: 7070730279172493884, guid: bf72addb49312404c8892098d8d911ad,
        type: 3}
      propertyPath: m_Name
      value: Crawl_Ramp (2)
      objectReference: {fileID: 0}
    - target: {fileID: 7070730279172493884, guid: bf72addb49312404c8892098d8d911ad,
        type: 3}
      propertyPath: m_IsActive
      value: 1
      objectReference: {fileID: 0}
    - target: {fileID: 7192786447891765611, guid: bf72addb49312404c8892098d8d911ad,
        type: 3}
      propertyPath: m_IsActive
      value: 1
      objectReference: {fileID: 0}
    - target: {fileID: 7192786447894022059, guid: bf72addb49312404c8892098d8d911ad,
        type: 3}
      propertyPath: m_Materials.Array.data[0]
      value: 
      objectReference: {fileID: 2100000, guid: 993b4056d6b0f8441bc26fe63f4babd5, type: 2}
    - target: {fileID: 7237414876505173475, guid: bf72addb49312404c8892098d8d911ad,
        type: 3}
      propertyPath: m_Materials.Array.data[0]
      value: 
      objectReference: {fileID: 2100000, guid: 993b4056d6b0f8441bc26fe63f4babd5, type: 2}
    - target: {fileID: 7445873325395367694, guid: bf72addb49312404c8892098d8d911ad,
        type: 3}
      propertyPath: m_IsActive
      value: 1
      objectReference: {fileID: 0}
    - target: {fileID: 7620932367459491986, guid: bf72addb49312404c8892098d8d911ad,
        type: 3}
      propertyPath: m_Materials.Array.data[0]
      value: 
      objectReference: {fileID: 2100000, guid: 993b4056d6b0f8441bc26fe63f4babd5, type: 2}
    - target: {fileID: 7720801239208109317, guid: bf72addb49312404c8892098d8d911ad,
        type: 3}
      propertyPath: m_Materials.Array.data[0]
      value: 
      objectReference: {fileID: 2100000, guid: 993b4056d6b0f8441bc26fe63f4babd5, type: 2}
    - target: {fileID: 8468016259660952963, guid: bf72addb49312404c8892098d8d911ad,
        type: 3}
      propertyPath: m_Materials.Array.data[0]
      value: 
      objectReference: {fileID: 2100000, guid: 993b4056d6b0f8441bc26fe63f4babd5, type: 2}
    - target: {fileID: 8532470117061733645, guid: bf72addb49312404c8892098d8d911ad,
        type: 3}
      propertyPath: m_Materials.Array.data[0]
      value: 
      objectReference: {fileID: 2100000, guid: 993b4056d6b0f8441bc26fe63f4babd5, type: 2}
    - target: {fileID: 8784344745121507884, guid: bf72addb49312404c8892098d8d911ad,
        type: 3}
      propertyPath: m_Materials.Array.data[0]
      value: 
      objectReference: {fileID: 2100000, guid: 993b4056d6b0f8441bc26fe63f4babd5, type: 2}
    - target: {fileID: 8973085406066122445, guid: bf72addb49312404c8892098d8d911ad,
        type: 3}
      propertyPath: m_Materials.Array.data[0]
      value: 
      objectReference: {fileID: 2100000, guid: 993b4056d6b0f8441bc26fe63f4babd5, type: 2}
    - target: {fileID: 9029162786120087500, guid: bf72addb49312404c8892098d8d911ad,
        type: 3}
      propertyPath: m_Materials.Array.data[0]
      value: 
      objectReference: {fileID: 2100000, guid: 993b4056d6b0f8441bc26fe63f4babd5, type: 2}
    - target: {fileID: 9201926694367662508, guid: bf72addb49312404c8892098d8d911ad,
        type: 3}
      propertyPath: m_Materials.Array.data[0]
      value: 
      objectReference: {fileID: 2100000, guid: 993b4056d6b0f8441bc26fe63f4babd5, type: 2}
    m_RemovedComponents: []
  m_SourcePrefab: {fileID: 100100000, guid: bf72addb49312404c8892098d8d911ad, type: 3}
--- !u!4 &1767427400218691279 stripped
Transform:
  m_CorrespondingSourceObject: {fileID: 2858077263860468519, guid: bf72addb49312404c8892098d8d911ad,
    type: 3}
  m_PrefabInstance: {fileID: 4552796157412494824}
  m_PrefabAsset: {fileID: 0}
--- !u!1001 &5700776933591518132
PrefabInstance:
  m_ObjectHideFlags: 0
  serializedVersion: 2
  m_Modification:
    m_TransformParent: {fileID: 6682341234325445888}
    m_Modifications:
    - target: {fileID: 116925452492679149, guid: bf72addb49312404c8892098d8d911ad,
        type: 3}
      propertyPath: m_IsActive
      value: 0
      objectReference: {fileID: 0}
    - target: {fileID: 227895269406852365, guid: bf72addb49312404c8892098d8d911ad,
        type: 3}
      propertyPath: m_Materials.Array.data[0]
      value: 
      objectReference: {fileID: 2100000, guid: 993b4056d6b0f8441bc26fe63f4babd5, type: 2}
    - target: {fileID: 392421301891743373, guid: bf72addb49312404c8892098d8d911ad,
        type: 3}
      propertyPath: m_Materials.Array.data[0]
      value: 
      objectReference: {fileID: 2100000, guid: 993b4056d6b0f8441bc26fe63f4babd5, type: 2}
    - target: {fileID: 617732233939741941, guid: bf72addb49312404c8892098d8d911ad,
        type: 3}
      propertyPath: m_Materials.Array.data[0]
      value: 
      objectReference: {fileID: 2100000, guid: 993b4056d6b0f8441bc26fe63f4babd5, type: 2}
    - target: {fileID: 617732233942004277, guid: bf72addb49312404c8892098d8d911ad,
        type: 3}
      propertyPath: m_IsActive
      value: 0
      objectReference: {fileID: 0}
    - target: {fileID: 645918601912131647, guid: bf72addb49312404c8892098d8d911ad,
        type: 3}
      propertyPath: m_Mesh
      value: 
      objectReference: {fileID: 0}
    - target: {fileID: 669901350880598792, guid: bf72addb49312404c8892098d8d911ad,
        type: 3}
      propertyPath: m_Materials.Array.data[0]
      value: 
      objectReference: {fileID: 2100000, guid: 993b4056d6b0f8441bc26fe63f4babd5, type: 2}
    - target: {fileID: 912131576394678828, guid: bf72addb49312404c8892098d8d911ad,
        type: 3}
      propertyPath: m_Materials.Array.data[0]
      value: 
      objectReference: {fileID: 2100000, guid: 993b4056d6b0f8441bc26fe63f4babd5, type: 2}
    - target: {fileID: 1023544890521118584, guid: bf72addb49312404c8892098d8d911ad,
        type: 3}
      propertyPath: m_Materials.Array.data[0]
      value: 
      objectReference: {fileID: 2100000, guid: 993b4056d6b0f8441bc26fe63f4babd5, type: 2}
    - target: {fileID: 1524599217860459169, guid: bf72addb49312404c8892098d8d911ad,
        type: 3}
      propertyPath: m_Materials.Array.data[0]
      value: 
      objectReference: {fileID: 2100000, guid: 993b4056d6b0f8441bc26fe63f4babd5, type: 2}
    - target: {fileID: 1535722207363922985, guid: bf72addb49312404c8892098d8d911ad,
        type: 3}
      propertyPath: m_IsActive
      value: 0
      objectReference: {fileID: 0}
    - target: {fileID: 1541975001441522323, guid: bf72addb49312404c8892098d8d911ad,
        type: 3}
      propertyPath: m_Materials.Array.data[0]
      value: 
      objectReference: {fileID: 2100000, guid: 993b4056d6b0f8441bc26fe63f4babd5, type: 2}
    - target: {fileID: 1676772151845351386, guid: bf72addb49312404c8892098d8d911ad,
        type: 3}
      propertyPath: m_Mesh
      value: 
      objectReference: {fileID: 0}
    - target: {fileID: 1857439702209236041, guid: bf72addb49312404c8892098d8d911ad,
        type: 3}
      propertyPath: m_Materials.Array.data[0]
      value: 
      objectReference: {fileID: 2100000, guid: 993b4056d6b0f8441bc26fe63f4babd5, type: 2}
    - target: {fileID: 1968077356017323437, guid: bf72addb49312404c8892098d8d911ad,
        type: 3}
      propertyPath: m_Materials.Array.data[0]
      value: 
      objectReference: {fileID: 2100000, guid: 993b4056d6b0f8441bc26fe63f4babd5, type: 2}
    - target: {fileID: 1994368421843869138, guid: bf72addb49312404c8892098d8d911ad,
        type: 3}
      propertyPath: m_IsActive
      value: 0
      objectReference: {fileID: 0}
    - target: {fileID: 2131584562722699311, guid: bf72addb49312404c8892098d8d911ad,
        type: 3}
      propertyPath: m_IsActive
      value: 0
      objectReference: {fileID: 0}
    - target: {fileID: 2446865598332992897, guid: bf72addb49312404c8892098d8d911ad,
        type: 3}
      propertyPath: m_IsActive
      value: 0
      objectReference: {fileID: 0}
    - target: {fileID: 2551879237336033403, guid: bf72addb49312404c8892098d8d911ad,
        type: 3}
      propertyPath: m_Materials.Array.data[0]
      value: 
      objectReference: {fileID: 2100000, guid: 993b4056d6b0f8441bc26fe63f4babd5, type: 2}
    - target: {fileID: 2598213221119407689, guid: bf72addb49312404c8892098d8d911ad,
        type: 3}
      propertyPath: m_IsActive
      value: 0
      objectReference: {fileID: 0}
    - target: {fileID: 2762004108914366409, guid: bf72addb49312404c8892098d8d911ad,
        type: 3}
      propertyPath: m_IsActive
      value: 0
      objectReference: {fileID: 0}
    - target: {fileID: 2858077263860468519, guid: bf72addb49312404c8892098d8d911ad,
        type: 3}
      propertyPath: m_RootOrder
      value: 1
      objectReference: {fileID: 0}
    - target: {fileID: 2858077263860468519, guid: bf72addb49312404c8892098d8d911ad,
        type: 3}
      propertyPath: m_LocalPosition.x
      value: 9
      objectReference: {fileID: 0}
    - target: {fileID: 2858077263860468519, guid: bf72addb49312404c8892098d8d911ad,
        type: 3}
      propertyPath: m_LocalPosition.y
      value: 0
      objectReference: {fileID: 0}
    - target: {fileID: 2858077263860468519, guid: bf72addb49312404c8892098d8d911ad,
        type: 3}
      propertyPath: m_LocalPosition.z
      value: 0
      objectReference: {fileID: 0}
    - target: {fileID: 2858077263860468519, guid: bf72addb49312404c8892098d8d911ad,
        type: 3}
      propertyPath: m_LocalRotation.w
      value: 0.7071068
      objectReference: {fileID: 0}
    - target: {fileID: 2858077263860468519, guid: bf72addb49312404c8892098d8d911ad,
        type: 3}
      propertyPath: m_LocalRotation.x
      value: -0
      objectReference: {fileID: 0}
    - target: {fileID: 2858077263860468519, guid: bf72addb49312404c8892098d8d911ad,
        type: 3}
      propertyPath: m_LocalRotation.y
      value: -0.7071068
      objectReference: {fileID: 0}
    - target: {fileID: 2858077263860468519, guid: bf72addb49312404c8892098d8d911ad,
        type: 3}
      propertyPath: m_LocalRotation.z
      value: -0
      objectReference: {fileID: 0}
    - target: {fileID: 2858077263860468519, guid: bf72addb49312404c8892098d8d911ad,
        type: 3}
      propertyPath: m_LocalEulerAnglesHint.x
      value: 0
      objectReference: {fileID: 0}
    - target: {fileID: 2858077263860468519, guid: bf72addb49312404c8892098d8d911ad,
        type: 3}
      propertyPath: m_LocalEulerAnglesHint.y
      value: -90
      objectReference: {fileID: 0}
    - target: {fileID: 2858077263860468519, guid: bf72addb49312404c8892098d8d911ad,
        type: 3}
      propertyPath: m_LocalEulerAnglesHint.z
      value: 0
      objectReference: {fileID: 0}
    - target: {fileID: 2986011887209183508, guid: bf72addb49312404c8892098d8d911ad,
        type: 3}
      propertyPath: m_Materials.Array.data[0]
      value: 
      objectReference: {fileID: 2100000, guid: 993b4056d6b0f8441bc26fe63f4babd5, type: 2}
    - target: {fileID: 3014791188743043335, guid: bf72addb49312404c8892098d8d911ad,
        type: 3}
      propertyPath: m_Materials.Array.data[0]
      value: 
      objectReference: {fileID: 2100000, guid: 993b4056d6b0f8441bc26fe63f4babd5, type: 2}
    - target: {fileID: 3190669135416013040, guid: bf72addb49312404c8892098d8d911ad,
        type: 3}
      propertyPath: m_IsActive
      value: 0
      objectReference: {fileID: 0}
    - target: {fileID: 3359895200621147495, guid: bf72addb49312404c8892098d8d911ad,
        type: 3}
      propertyPath: m_IsActive
      value: 0
      objectReference: {fileID: 0}
    - target: {fileID: 3459075521305355745, guid: bf72addb49312404c8892098d8d911ad,
        type: 3}
      propertyPath: m_IsActive
      value: 0
      objectReference: {fileID: 0}
    - target: {fileID: 3546493360640594528, guid: bf72addb49312404c8892098d8d911ad,
        type: 3}
      propertyPath: m_Materials.Array.data[0]
      value: 
      objectReference: {fileID: 2100000, guid: 993b4056d6b0f8441bc26fe63f4babd5, type: 2}
    - target: {fileID: 3581197135852657763, guid: bf72addb49312404c8892098d8d911ad,
        type: 3}
      propertyPath: m_Materials.Array.data[0]
      value: 
      objectReference: {fileID: 2100000, guid: 993b4056d6b0f8441bc26fe63f4babd5, type: 2}
    - target: {fileID: 3760054683573621048, guid: bf72addb49312404c8892098d8d911ad,
        type: 3}
      propertyPath: m_Materials.Array.data[0]
      value: 
      objectReference: {fileID: 2100000, guid: 993b4056d6b0f8441bc26fe63f4babd5, type: 2}
    - target: {fileID: 4108330224446672559, guid: bf72addb49312404c8892098d8d911ad,
        type: 3}
      propertyPath: m_IsActive
      value: 0
      objectReference: {fileID: 0}
    - target: {fileID: 4265604110384183369, guid: bf72addb49312404c8892098d8d911ad,
        type: 3}
      propertyPath: m_Materials.Array.data[0]
      value: 
      objectReference: {fileID: 2100000, guid: 993b4056d6b0f8441bc26fe63f4babd5, type: 2}
    - target: {fileID: 4329768926207430355, guid: bf72addb49312404c8892098d8d911ad,
        type: 3}
      propertyPath: m_Materials.Array.data[0]
      value: 
      objectReference: {fileID: 2100000, guid: 993b4056d6b0f8441bc26fe63f4babd5, type: 2}
    - target: {fileID: 4339188240571714479, guid: bf72addb49312404c8892098d8d911ad,
        type: 3}
      propertyPath: m_Materials.Array.data[0]
      value: 
      objectReference: {fileID: 2100000, guid: 993b4056d6b0f8441bc26fe63f4babd5, type: 2}
    - target: {fileID: 4907254691864393615, guid: bf72addb49312404c8892098d8d911ad,
        type: 3}
      propertyPath: m_Materials.Array.data[0]
      value: 
      objectReference: {fileID: 2100000, guid: 993b4056d6b0f8441bc26fe63f4babd5, type: 2}
    - target: {fileID: 5113276890819557966, guid: bf72addb49312404c8892098d8d911ad,
        type: 3}
      propertyPath: m_IsActive
      value: 0
      objectReference: {fileID: 0}
    - target: {fileID: 5113276890821551246, guid: bf72addb49312404c8892098d8d911ad,
        type: 3}
      propertyPath: m_Materials.Array.data[0]
      value: 
      objectReference: {fileID: 2100000, guid: 993b4056d6b0f8441bc26fe63f4babd5, type: 2}
    - target: {fileID: 5275048983901468505, guid: bf72addb49312404c8892098d8d911ad,
        type: 3}
      propertyPath: m_Mesh
      value: 
      objectReference: {fileID: 0}
    - target: {fileID: 5436708250832696130, guid: bf72addb49312404c8892098d8d911ad,
        type: 3}
      propertyPath: m_Materials.Array.data[0]
      value: 
      objectReference: {fileID: 2100000, guid: 993b4056d6b0f8441bc26fe63f4babd5, type: 2}
    - target: {fileID: 5534504523755670378, guid: bf72addb49312404c8892098d8d911ad,
        type: 3}
      propertyPath: m_IsActive
      value: 0
      objectReference: {fileID: 0}
    - target: {fileID: 5555142867900202135, guid: bf72addb49312404c8892098d8d911ad,
        type: 3}
      propertyPath: m_IsActive
      value: 0
      objectReference: {fileID: 0}
    - target: {fileID: 5813306924860189379, guid: bf72addb49312404c8892098d8d911ad,
        type: 3}
      propertyPath: m_IsActive
      value: 0
      objectReference: {fileID: 0}
    - target: {fileID: 5821621625362050123, guid: bf72addb49312404c8892098d8d911ad,
        type: 3}
      propertyPath: m_Materials.Array.data[0]
      value: 
      objectReference: {fileID: 2100000, guid: 993b4056d6b0f8441bc26fe63f4babd5, type: 2}
    - target: {fileID: 5828580580719149809, guid: bf72addb49312404c8892098d8d911ad,
        type: 3}
      propertyPath: m_IsActive
      value: 0
      objectReference: {fileID: 0}
    - target: {fileID: 5987348889122117158, guid: bf72addb49312404c8892098d8d911ad,
        type: 3}
      propertyPath: m_Materials.Array.data[0]
      value: 
      objectReference: {fileID: 2100000, guid: 993b4056d6b0f8441bc26fe63f4babd5, type: 2}
    - target: {fileID: 6648305502286945323, guid: bf72addb49312404c8892098d8d911ad,
        type: 3}
      propertyPath: m_IsActive
      value: 0
      objectReference: {fileID: 0}
    - target: {fileID: 6784706594672709040, guid: bf72addb49312404c8892098d8d911ad,
        type: 3}
      propertyPath: m_Materials.Array.data[0]
      value: 
      objectReference: {fileID: 2100000, guid: 993b4056d6b0f8441bc26fe63f4babd5, type: 2}
    - target: {fileID: 6833498703984205263, guid: bf72addb49312404c8892098d8d911ad,
        type: 3}
      propertyPath: m_IsActive
      value: 0
      objectReference: {fileID: 0}
    - target: {fileID: 7028922855846590699, guid: bf72addb49312404c8892098d8d911ad,
        type: 3}
      propertyPath: m_IsActive
      value: 1
      objectReference: {fileID: 0}
    - target: {fileID: 7028922855848846891, guid: bf72addb49312404c8892098d8d911ad,
        type: 3}
      propertyPath: m_Materials.Array.data[0]
      value: 
      objectReference: {fileID: 2100000, guid: 993b4056d6b0f8441bc26fe63f4babd5, type: 2}
    - target: {fileID: 7070730279172493884, guid: bf72addb49312404c8892098d8d911ad,
        type: 3}
      propertyPath: m_Name
      value: Crawl_Ramp (1)
      objectReference: {fileID: 0}
    - target: {fileID: 7070730279172493884, guid: bf72addb49312404c8892098d8d911ad,
        type: 3}
      propertyPath: m_IsActive
      value: 1
      objectReference: {fileID: 0}
    - target: {fileID: 7192786447894022059, guid: bf72addb49312404c8892098d8d911ad,
        type: 3}
      propertyPath: m_Materials.Array.data[0]
      value: 
      objectReference: {fileID: 2100000, guid: 993b4056d6b0f8441bc26fe63f4babd5, type: 2}
    - target: {fileID: 7237414876505173475, guid: bf72addb49312404c8892098d8d911ad,
        type: 3}
      propertyPath: m_Materials.Array.data[0]
      value: 
      objectReference: {fileID: 2100000, guid: 993b4056d6b0f8441bc26fe63f4babd5, type: 2}
    - target: {fileID: 7445873325395367694, guid: bf72addb49312404c8892098d8d911ad,
        type: 3}
      propertyPath: m_IsActive
      value: 0
      objectReference: {fileID: 0}
    - target: {fileID: 7620932367459491986, guid: bf72addb49312404c8892098d8d911ad,
        type: 3}
      propertyPath: m_Materials.Array.data[0]
      value: 
      objectReference: {fileID: 2100000, guid: 993b4056d6b0f8441bc26fe63f4babd5, type: 2}
    - target: {fileID: 7720801239208109317, guid: bf72addb49312404c8892098d8d911ad,
        type: 3}
      propertyPath: m_Materials.Array.data[0]
      value: 
      objectReference: {fileID: 2100000, guid: 993b4056d6b0f8441bc26fe63f4babd5, type: 2}
    - target: {fileID: 7851186806317345142, guid: bf72addb49312404c8892098d8d911ad,
        type: 3}
      propertyPath: m_IsActive
      value: 0
      objectReference: {fileID: 0}
    - target: {fileID: 8409022993047912962, guid: bf72addb49312404c8892098d8d911ad,
        type: 3}
      propertyPath: m_IsActive
      value: 0
      objectReference: {fileID: 0}
    - target: {fileID: 8468016259660952963, guid: bf72addb49312404c8892098d8d911ad,
        type: 3}
      propertyPath: m_Materials.Array.data[0]
      value: 
      objectReference: {fileID: 2100000, guid: 993b4056d6b0f8441bc26fe63f4babd5, type: 2}
    - target: {fileID: 8532470117061733645, guid: bf72addb49312404c8892098d8d911ad,
        type: 3}
      propertyPath: m_Materials.Array.data[0]
      value: 
      objectReference: {fileID: 2100000, guid: 993b4056d6b0f8441bc26fe63f4babd5, type: 2}
    - target: {fileID: 8784344745121507884, guid: bf72addb49312404c8892098d8d911ad,
        type: 3}
      propertyPath: m_Materials.Array.data[0]
      value: 
      objectReference: {fileID: 2100000, guid: 993b4056d6b0f8441bc26fe63f4babd5, type: 2}
    - target: {fileID: 8784344745123771628, guid: bf72addb49312404c8892098d8d911ad,
        type: 3}
      propertyPath: m_IsActive
      value: 0
      objectReference: {fileID: 0}
    - target: {fileID: 8973085406066122445, guid: bf72addb49312404c8892098d8d911ad,
        type: 3}
      propertyPath: m_Materials.Array.data[0]
      value: 
      objectReference: {fileID: 2100000, guid: 993b4056d6b0f8441bc26fe63f4babd5, type: 2}
    - target: {fileID: 9029162786120087500, guid: bf72addb49312404c8892098d8d911ad,
        type: 3}
      propertyPath: m_Materials.Array.data[0]
      value: 
      objectReference: {fileID: 2100000, guid: 993b4056d6b0f8441bc26fe63f4babd5, type: 2}
    - target: {fileID: 9130781504208644139, guid: bf72addb49312404c8892098d8d911ad,
        type: 3}
      propertyPath: m_IsActive
      value: 0
      objectReference: {fileID: 0}
    - target: {fileID: 9201926694367662508, guid: bf72addb49312404c8892098d8d911ad,
        type: 3}
      propertyPath: m_Materials.Array.data[0]
      value: 
      objectReference: {fileID: 2100000, guid: 993b4056d6b0f8441bc26fe63f4babd5, type: 2}
    m_RemovedComponents: []
  m_SourcePrefab: {fileID: 100100000, guid: bf72addb49312404c8892098d8d911ad, type: 3}
--- !u!4 &7544888690908102803 stripped
Transform:
  m_CorrespondingSourceObject: {fileID: 2858077263860468519, guid: bf72addb49312404c8892098d8d911ad,
    type: 3}
  m_PrefabInstance: {fileID: 5700776933591518132}
  m_PrefabAsset: {fileID: 0}
