%YAML 1.1
%TAG !u! tag:unity3d.com,2011:
--- !u!1 &1480036106399583190
GameObject:
  m_ObjectHideFlags: 0
  m_CorrespondingSourceObject: {fileID: 0}
  m_PrefabInstance: {fileID: 0}
  m_PrefabAsset: {fileID: 0}
  serializedVersion: 6
  m_Component:
  - component: {fileID: 5375367782568929965}
  - component: {fileID: 2206614510142596223}
  m_Layer: 0
  m_Name: DetectionModule
  m_TagString: Untagged
  m_Icon: {fileID: 0}
  m_NavMeshLayer: 0
  m_StaticEditorFlags: 0
  m_IsActive: 1
--- !u!4 &5375367782568929965
Transform:
  m_ObjectHideFlags: 0
  m_CorrespondingSourceObject: {fileID: 0}
  m_PrefabInstance: {fileID: 0}
  m_PrefabAsset: {fileID: 0}
  m_GameObject: {fileID: 1480036106399583190}
  m_LocalRotation: {x: 0, y: 0, z: 0, w: 1}
  m_LocalPosition: {x: 0, y: 0, z: 0}
  m_LocalScale: {x: 1, y: 1, z: 1}
  m_Children: []
  m_Father: {fileID: 2587084371807056908}
  m_RootOrder: 2
  m_LocalEulerAnglesHint: {x: 0, y: 0, z: 0}
--- !u!114 &2206614510142596223
MonoBehaviour:
  m_ObjectHideFlags: 0
  m_CorrespondingSourceObject: {fileID: 0}
  m_PrefabInstance: {fileID: 0}
  m_PrefabAsset: {fileID: 0}
  m_GameObject: {fileID: 1480036106399583190}
  m_Enabled: 1
  m_EditorHideFlags: 0
  m_Script: {fileID: 11500000, guid: 927ff0b4cb9a5dd4fb83c45166cffc50, type: 3}
  m_Name: 
  m_EditorClassIdentifier: 
  DetectionSourcePoint: {fileID: 7147087661486975924}
  DetectionRange: 30
  AttackRange: 35
  KnownTargetTimeout: 4
  Animator: {fileID: 0}
--- !u!1 &2587084371807056896
GameObject:
  m_ObjectHideFlags: 0
  m_CorrespondingSourceObject: {fileID: 0}
  m_PrefabInstance: {fileID: 0}
  m_PrefabAsset: {fileID: 0}
  serializedVersion: 6
  m_Component:
  - component: {fileID: 2587084371807056908}
  - component: {fileID: 5044995220156404476}
  - component: {fileID: 6950566330057863397}
  - component: {fileID: 580068028881618577}
  - component: {fileID: 205559726601213433}
  - component: {fileID: 5612308037187504211}
  - component: {fileID: 3076707225440359427}
  - component: {fileID: 1716596502129054852}
  m_Layer: 0
  m_Name: Enemy_Turret 1 1
  m_TagString: Untagged
  m_Icon: {fileID: -964228994112308473, guid: 0000000000000000d000000000000000, type: 0}
  m_NavMeshLayer: 0
  m_StaticEditorFlags: 0
  m_IsActive: 1
--- !u!4 &2587084371807056908
Transform:
  m_ObjectHideFlags: 0
  m_CorrespondingSourceObject: {fileID: 0}
  m_PrefabInstance: {fileID: 0}
  m_PrefabAsset: {fileID: 0}
  m_GameObject: {fileID: 2587084371807056896}
  m_LocalRotation: {x: 0, y: 0, z: 0, w: 1}
  m_LocalPosition: {x: 0, y: 0, z: 0}
  m_LocalScale: {x: 1, y: 1, z: 1}
  m_Children:
  - {fileID: 6156054952534692539}
  - {fileID: 3430003522634465091}
  - {fileID: 5375367782568929965}
  m_Father: {fileID: 0}
  m_RootOrder: 0
  m_LocalEulerAnglesHint: {x: 0, y: 0, z: 0}
--- !u!114 &5044995220156404476
MonoBehaviour:
  m_ObjectHideFlags: 0
  m_CorrespondingSourceObject: {fileID: 0}
  m_PrefabInstance: {fileID: 0}
  m_PrefabAsset: {fileID: 0}
  m_GameObject: {fileID: 2587084371807056896}
  m_Enabled: 1
  m_EditorHideFlags: 0
  m_Script: {fileID: 11500000, guid: 3de939d976a5bb0419ccd8dbd0b6836b, type: 3}
  m_Name: 
  m_EditorClassIdentifier: 
  SelfDestructYHeight: -2000
  PathReachingRadius: 0
  OrientationSpeed: 10
  DeathDuration: 0
  SwapToNextWeapon: 0
  DelayAfterWeaponSwap: 0
  EyeColorMaterial: {fileID: 2100000, guid: 778fbfe9a7e4a96418b9312dbfc4d67c, type: 2}
  DefaultEyeColor: {r: 23.849056, g: 7.292185, b: 0, a: 1}
  AttackEyeColor: {r: 32, g: 1.4610044, b: 0, a: 1}
  BodyMaterial: {fileID: 2100000, guid: bc52f7878b77b454787353158253aa1a, type: 2}
  OnHitBodyGradient:
    serializedVersion: 2
    key0: {r: 0, g: 0, b: 0, a: 1}
    key1: {r: 1, g: 1, b: 1, a: 1}
    key2: {r: 1, g: 1, b: 1, a: 0}
    key3: {r: 0, g: 0, b: 0, a: 0}
    key4: {r: 0, g: 0, b: 0, a: 0}
    key5: {r: 0, g: 0, b: 0, a: 0}
    key6: {r: 0, g: 0, b: 0, a: 0}
    key7: {r: 0, g: 0, b: 0, a: 0}
    ctime0: 0
    ctime1: 13878
    ctime2: 54356
    ctime3: 65535
    ctime4: 0
    ctime5: 0
    ctime6: 0
    ctime7: 0
    atime0: 0
    atime1: 65535
    atime2: 0
    atime3: 0
    atime4: 0
    atime5: 0
    atime6: 0
    atime7: 0
    m_Mode: 0
    m_NumColorKeys: 4
    m_NumAlphaKeys: 2
  FlashOnHitDuration: 0.125
  DamageTick: {fileID: 8300000, guid: a7fae22399a6e1d448dc0dd2210f1dac, type: 3}
  DeathVfx: {fileID: 8950624839484268180, guid: 45ce85b82008be84287f2c7e5bf07647,
    type: 3}
  DeathVfxSpawnPoint: {fileID: 6156054952534692513}
  LootPrefab: {fileID: 0}
  DropRate: 1
  PathReachingRangeColor: {r: 1, g: 0.92156863, b: 0.015686275, a: 1}
  AttackRangeColor: {r: 1, g: 0, b: 0, a: 1}
  DetectionRangeColor: {r: 0, g: 0, b: 1, a: 1}
--- !u!114 &6950566330057863397
MonoBehaviour:
  m_ObjectHideFlags: 0
  m_CorrespondingSourceObject: {fileID: 0}
  m_PrefabInstance: {fileID: 0}
  m_PrefabAsset: {fileID: 0}
  m_GameObject: {fileID: 2587084371807056896}
  m_Enabled: 1
  m_EditorHideFlags: 0
  m_Script: {fileID: 11500000, guid: e27364eefd6dd0341ba72a3bfc0d9727, type: 3}
  m_Name: 
  m_EditorClassIdentifier: 
  MaxHealth: 400
  CriticalHealthRatio: 0.3
--- !u!114 &580068028881618577
MonoBehaviour:
  m_ObjectHideFlags: 0
  m_CorrespondingSourceObject: {fileID: 0}
  m_PrefabInstance: {fileID: 0}
  m_PrefabAsset: {fileID: 0}
  m_GameObject: {fileID: 2587084371807056896}
  m_Enabled: 1
  m_EditorHideFlags: 0
  m_Script: {fileID: 11500000, guid: 88567379ffc126c4e96b34011148ffa0, type: 3}
  m_Name: 
  m_EditorClassIdentifier: 
  Health: {fileID: 6950566330057863397}
  HealthBarImage: {fileID: 8184300679358634413}
  HealthBarPivot: {fileID: 3430003522634465091}
  HideFullHealthBar: 1
--- !u!114 &205559726601213433
MonoBehaviour:
  m_ObjectHideFlags: 0
  m_CorrespondingSourceObject: {fileID: 0}
  m_PrefabInstance: {fileID: 0}
  m_PrefabAsset: {fileID: 0}
  m_GameObject: {fileID: 2587084371807056896}
  m_Enabled: 1
  m_EditorHideFlags: 0
  m_Script: {fileID: 11500000, guid: a4cb5371dba09ee46806cbe0c2aa2c9c, type: 3}
  m_Name: 
  m_EditorClassIdentifier: 
  TurretPivot: {fileID: 6156054952534692513}
  TurretAimPoint: {fileID: 7147087661486975924}
  Animator: {fileID: 6156054952525151561}
  AimRotationSharpness: 5
  LookAtRotationSharpness: 2.5
  DetectionFireDelay: 1.1
  AimingTransitionBlendTime: 1
  RandomHitSparks:
  - {fileID: 8277750848762841724}
  - {fileID: 2606087003192063062}
  - {fileID: 5886529652140614504}
  OnDetectVfx:
  - {fileID: 6228198337280157290}
  - {fileID: 1134730966412653948}
  OnDetectSfx: {fileID: 8300000, guid: 7fac2ef5c59df1a45985d3eb894e8d47, type: 3}
--- !u!114 &5612308037187504211
MonoBehaviour:
  m_ObjectHideFlags: 0
  m_CorrespondingSourceObject: {fileID: 0}
  m_PrefabInstance: {fileID: 0}
  m_PrefabAsset: {fileID: 0}
  m_GameObject: {fileID: 2587084371807056896}
  m_Enabled: 1
  m_EditorHideFlags: 0
  m_Script: {fileID: 11500000, guid: 81b4c4e7c5d6cd34bb04cb46517b4e23, type: 3}
  m_Name: 
  m_EditorClassIdentifier: 
  Affiliation: 0
  AimPoint: {fileID: 6156054952534692527}
--- !u!114 &3076707225440359427
MonoBehaviour:
  m_ObjectHideFlags: 0
  m_CorrespondingSourceObject: {fileID: 0}
  m_PrefabInstance: {fileID: 0}
  m_PrefabAsset: {fileID: 0}
  m_GameObject: {fileID: 2587084371807056896}
  m_Enabled: 1
  m_EditorHideFlags: 0
  m_Script: {fileID: 11500000, guid: 14b7698ec50c85c44a849a968dc1d57d, type: 3}
  m_Name: 
  m_EditorClassIdentifier: 
  CompassMarkerPrefab: {fileID: 4125838790012652590, guid: 513785daf84f2a243b0cda079e6835cd,
    type: 3}
  TextDirection: 
--- !u!195 &1716596502129054852
NavMeshAgent:
  m_ObjectHideFlags: 0
  m_CorrespondingSourceObject: {fileID: 0}
  m_PrefabInstance: {fileID: 0}
  m_PrefabAsset: {fileID: 0}
  m_GameObject: {fileID: 2587084371807056896}
  m_Enabled: 1
  m_AgentTypeID: 0
  m_Radius: 0.5
  m_Speed: 3.5
  m_Acceleration: 8
  avoidancePriority: 50
  m_AngularSpeed: 120
  m_StoppingDistance: 0
  m_AutoTraverseOffMeshLink: 1
  m_AutoBraking: 1
  m_AutoRepath: 1
  m_Height: 2
  m_BaseOffset: 0
  m_WalkableMask: 4294967295
  m_ObstacleAvoidanceType: 4
--- !u!1 &2779192013031087697
GameObject:
  m_ObjectHideFlags: 0
  m_CorrespondingSourceObject: {fileID: 0}
  m_PrefabInstance: {fileID: 0}
  m_PrefabAsset: {fileID: 0}
  serializedVersion: 6
  m_Component:
  - component: {fileID: 2668127415247981263}
  m_Layer: 10
  m_Name: GunMuzzle
  m_TagString: Untagged
  m_Icon: {fileID: 0}
  m_NavMeshLayer: 0
  m_StaticEditorFlags: 0
  m_IsActive: 1
--- !u!4 &2668127415247981263
Transform:
  m_ObjectHideFlags: 0
  m_CorrespondingSourceObject: {fileID: 0}
  m_PrefabInstance: {fileID: 0}
  m_PrefabAsset: {fileID: 0}
  m_GameObject: {fileID: 2779192013031087697}
  m_LocalRotation: {x: -0, y: -0, z: -0, w: 1}
  m_LocalPosition: {x: 0, y: 0, z: -0.026}
  m_LocalScale: {x: 1, y: 1, z: 1}
  m_Children:
  - {fileID: 4110927679885002051}
  m_Father: {fileID: 5209791398957955390}
  m_RootOrder: 1
  m_LocalEulerAnglesHint: {x: 0, y: 0, z: 0}
--- !u!1 &2983217743059701909
GameObject:
  m_ObjectHideFlags: 0
  m_CorrespondingSourceObject: {fileID: 0}
  m_PrefabInstance: {fileID: 0}
  m_PrefabAsset: {fileID: 0}
  serializedVersion: 6
  m_Component:
  - component: {fileID: 2266380383472403530}
  - component: {fileID: 774899096890623898}
  - component: {fileID: 2874674012163851117}
  m_Layer: 0
  m_Name: Hitbox Top
  m_TagString: Untagged
  m_Icon: {fileID: 0}
  m_NavMeshLayer: 0
  m_StaticEditorFlags: 0
  m_IsActive: 1
--- !u!4 &2266380383472403530
Transform:
  m_ObjectHideFlags: 0
  m_CorrespondingSourceObject: {fileID: 0}
  m_PrefabInstance: {fileID: 0}
  m_PrefabAsset: {fileID: 0}
  m_GameObject: {fileID: 2983217743059701909}
  m_LocalRotation: {x: -0, y: -0, z: -0, w: 1}
  m_LocalPosition: {x: 0, y: 0, z: 0}
  m_LocalScale: {x: 1, y: 1, z: 1}
  m_Children: []
  m_Father: {fileID: 6156054952534692527}
  m_RootOrder: 1
  m_LocalEulerAnglesHint: {x: 0, y: 0, z: 0}
--- !u!65 &774899096890623898
BoxCollider:
  m_ObjectHideFlags: 0
  m_CorrespondingSourceObject: {fileID: 0}
  m_PrefabInstance: {fileID: 0}
  m_PrefabAsset: {fileID: 0}
  m_GameObject: {fileID: 2983217743059701909}
  m_Material: {fileID: 0}
  m_IsTrigger: 0
  m_Enabled: 1
  serializedVersion: 2
  m_Size: {x: 0.65, y: 0.7539736, z: 0.66}
  m_Center: {x: 4.865178e-10, y: -0.071986936, z: 1.1916658e-10}
--- !u!114 &2874674012163851117
MonoBehaviour:
  m_ObjectHideFlags: 0
  m_CorrespondingSourceObject: {fileID: 0}
  m_PrefabInstance: {fileID: 0}
  m_PrefabAsset: {fileID: 0}
  m_GameObject: {fileID: 2983217743059701909}
  m_Enabled: 1
  m_EditorHideFlags: 0
  m_Script: {fileID: 11500000, guid: f9b0ce1bb69c96b49a7ac1098a7f5796, type: 3}
  m_Name: 
  m_EditorClassIdentifier: 
  DamageMultiplier: 1
  SensibilityToSelfdamage: 0.5
--- !u!1 &3467956820554766256
GameObject:
  m_ObjectHideFlags: 0
  m_CorrespondingSourceObject: {fileID: 0}
  m_PrefabInstance: {fileID: 0}
  m_PrefabAsset: {fileID: 0}
  serializedVersion: 6
  m_Component:
  - component: {fileID: 3243959587046252440}
  - component: {fileID: 8981554592499795798}
  - component: {fileID: 7731043060513507014}
  - component: {fileID: 5153895625161152304}
  m_Layer: 0
  m_Name: Hitbox Base
  m_TagString: Untagged
  m_Icon: {fileID: 0}
  m_NavMeshLayer: 0
  m_StaticEditorFlags: 0
  m_IsActive: 1
--- !u!4 &3243959587046252440
Transform:
  m_ObjectHideFlags: 0
  m_CorrespondingSourceObject: {fileID: 0}
  m_PrefabInstance: {fileID: 0}
  m_PrefabAsset: {fileID: 0}
  m_GameObject: {fileID: 3467956820554766256}
  m_LocalRotation: {x: -0, y: -0, z: -0, w: 1}
  m_LocalPosition: {x: 0, y: 0, z: 0}
  m_LocalScale: {x: 1, y: 1, z: 1}
  m_Children: []
  m_Father: {fileID: 6156054952534692539}
  m_RootOrder: 4
  m_LocalEulerAnglesHint: {x: 0, y: 0, z: 0}
--- !u!65 &8981554592499795798
BoxCollider:
  m_ObjectHideFlags: 0
  m_CorrespondingSourceObject: {fileID: 0}
  m_PrefabInstance: {fileID: 0}
  m_PrefabAsset: {fileID: 0}
  m_GameObject: {fileID: 3467956820554766256}
  m_Material: {fileID: 0}
  m_IsTrigger: 0
  m_Enabled: 1
  serializedVersion: 2
  m_Size: {x: 1, y: 0.15, z: 1}
  m_Center: {x: 0, y: 0.075, z: 0}
--- !u!114 &7731043060513507014
MonoBehaviour:
  m_ObjectHideFlags: 0
  m_CorrespondingSourceObject: {fileID: 0}
  m_PrefabInstance: {fileID: 0}
  m_PrefabAsset: {fileID: 0}
  m_GameObject: {fileID: 3467956820554766256}
  m_Enabled: 1
  m_EditorHideFlags: 0
  m_Script: {fileID: 11500000, guid: f9b0ce1bb69c96b49a7ac1098a7f5796, type: 3}
  m_Name: 
  m_EditorClassIdentifier: 
  DamageMultiplier: 1
  SensibilityToSelfdamage: 0.5
--- !u!65 &5153895625161152304
BoxCollider:
  m_ObjectHideFlags: 0
  m_CorrespondingSourceObject: {fileID: 0}
  m_PrefabInstance: {fileID: 0}
  m_PrefabAsset: {fileID: 0}
  m_GameObject: {fileID: 3467956820554766256}
  m_Material: {fileID: 0}
  m_IsTrigger: 0
  m_Enabled: 1
  serializedVersion: 2
  m_Size: {x: 0.2, y: 0.5, z: 0.2}
  m_Center: {x: 0, y: 0.3, z: 0}
--- !u!1 &3943910781297620403
GameObject:
  m_ObjectHideFlags: 0
  m_CorrespondingSourceObject: {fileID: 0}
  m_PrefabInstance: {fileID: 0}
  m_PrefabAsset: {fileID: 0}
  serializedVersion: 6
  m_Component:
  - component: {fileID: 3430003522634465091}
  m_Layer: 0
  m_Name: HealthBar Pivot
  m_TagString: Untagged
  m_Icon: {fileID: 0}
  m_NavMeshLayer: 0
  m_StaticEditorFlags: 0
  m_IsActive: 1
--- !u!4 &3430003522634465091
Transform:
  m_ObjectHideFlags: 0
  m_CorrespondingSourceObject: {fileID: 0}
  m_PrefabInstance: {fileID: 0}
  m_PrefabAsset: {fileID: 0}
  m_GameObject: {fileID: 3943910781297620403}
  m_LocalRotation: {x: 0, y: 0, z: 0, w: 1}
  m_LocalPosition: {x: 0, y: 2.101, z: 0}
  m_LocalScale: {x: 1, y: 1, z: 1}
  m_Children:
  - {fileID: 1941313477555570411}
  m_Father: {fileID: 2587084371807056908}
  m_RootOrder: 1
  m_LocalEulerAnglesHint: {x: 0, y: 0, z: 0}
--- !u!1 &4776645063535133525
GameObject:
  m_ObjectHideFlags: 0
  m_CorrespondingSourceObject: {fileID: 0}
  m_PrefabInstance: {fileID: 0}
  m_PrefabAsset: {fileID: 0}
  serializedVersion: 6
  m_Component:
  - component: {fileID: 6763743100725445977}
  m_Layer: 10
  m_Name: GunRoot
  m_TagString: Untagged
  m_Icon: {fileID: 0}
  m_NavMeshLayer: 0
  m_StaticEditorFlags: 0
  m_IsActive: 1
--- !u!4 &6763743100725445977
Transform:
  m_ObjectHideFlags: 0
  m_CorrespondingSourceObject: {fileID: 0}
  m_PrefabInstance: {fileID: 0}
  m_PrefabAsset: {fileID: 0}
  m_GameObject: {fileID: 4776645063535133525}
  m_LocalRotation: {x: 0, y: 0, z: 0, w: 1}
  m_LocalPosition: {x: 0, y: 0, z: 0}
  m_LocalScale: {x: 1, y: 1, z: 1}
  m_Children: []
  m_Father: {fileID: 5209791398957955390}
  m_RootOrder: 0
  m_LocalEulerAnglesHint: {x: 0, y: 0, z: 0}
--- !u!1 &5166223922281973060
GameObject:
  m_ObjectHideFlags: 0
  m_CorrespondingSourceObject: {fileID: 0}
  m_PrefabInstance: {fileID: 0}
  m_PrefabAsset: {fileID: 0}
  serializedVersion: 6
  m_Component:
  - component: {fileID: 7147087661486975924}
  m_Layer: 0
  m_Name: WeaponRoot
  m_TagString: Untagged
  m_Icon: {fileID: 0}
  m_NavMeshLayer: 0
  m_StaticEditorFlags: 0
  m_IsActive: 1
--- !u!4 &7147087661486975924
Transform:
  m_ObjectHideFlags: 0
  m_CorrespondingSourceObject: {fileID: 0}
  m_PrefabInstance: {fileID: 0}
  m_PrefabAsset: {fileID: 0}
  m_GameObject: {fileID: 5166223922281973060}
  m_LocalRotation: {x: -0, y: -0.70710677, z: -0, w: 0.7071069}
  m_LocalPosition: {x: -0.158, y: 0, z: 0}
  m_LocalScale: {x: 1, y: 1, z: 1}
  m_Children:
  - {fileID: 5209791398957955390}
  m_Father: {fileID: 6156054952534692523}
  m_RootOrder: 0
  m_LocalEulerAnglesHint: {x: 0, y: -90.00001, z: 0}
--- !u!1 &5209791398957955389
GameObject:
  m_ObjectHideFlags: 0
  m_CorrespondingSourceObject: {fileID: 0}
  m_PrefabInstance: {fileID: 0}
  m_PrefabAsset: {fileID: 0}
  serializedVersion: 6
  m_Component:
  - component: {fileID: 5209791398957955390}
  - component: {fileID: 2678973032122225941}
  - component: {fileID: 2802953987679139644}
  m_Layer: 10
  m_Name: Weapon_MachineGun
  m_TagString: Untagged
  m_Icon: {fileID: 0}
  m_NavMeshLayer: 0
  m_StaticEditorFlags: 0
  m_IsActive: 1
--- !u!4 &5209791398957955390
Transform:
  m_ObjectHideFlags: 0
  m_CorrespondingSourceObject: {fileID: 0}
  m_PrefabInstance: {fileID: 0}
  m_PrefabAsset: {fileID: 0}
  m_GameObject: {fileID: 5209791398957955389}
  m_LocalRotation: {x: 0, y: 0, z: 0, w: 1}
  m_LocalPosition: {x: 0, y: 0, z: 0.052}
  m_LocalScale: {x: 1, y: 1, z: 1}
  m_Children:
  - {fileID: 6763743100725445977}
  - {fileID: 2668127415247981263}
  m_Father: {fileID: 7147087661486975924}
  m_RootOrder: 0
  m_LocalEulerAnglesHint: {x: 0, y: 0, z: 0}
--- !u!114 &2678973032122225941
MonoBehaviour:
  m_ObjectHideFlags: 0
  m_CorrespondingSourceObject: {fileID: 0}
  m_PrefabInstance: {fileID: 0}
  m_PrefabAsset: {fileID: 0}
  m_GameObject: {fileID: 5209791398957955389}
  m_Enabled: 1
  m_EditorHideFlags: 0
  m_Script: {fileID: 11500000, guid: 3ad90ba0b1477764da373f5ec01a8cb5, type: 3}
  m_Name: 
  m_EditorClassIdentifier: 
  WeaponName: mg
  WeaponIcon: {fileID: 0}
  CrosshairDataDefault:
    CrosshairSprite: {fileID: 0}
    CrosshairSize: 0
    CrosshairColor: {r: 0, g: 0, b: 0, a: 0}
  CrosshairDataTargetInSight:
    CrosshairSprite: {fileID: 0}
    CrosshairSize: 0
    CrosshairColor: {r: 0, g: 0, b: 0, a: 0}
  WeaponRoot: {fileID: 4776645063535133525}
  WeaponMuzzle: {fileID: 2668127415247981263}
  ShootType: 1
  ProjectilePrefab: {fileID: 8924682559891268397, guid: 154bfb4989fe16d439e8f3fb7c20b72b,
    type: 3}
  DelayBetweenShots: 0.06
  BulletSpreadAngle: 0
  BulletsPerShot: 1
  RecoilForce: 1
  AimZoomRatio: 1
  AimOffset: {x: 0, y: 0, z: 0}
  AutomaticReload: 1
  HasPhysicalBullets: 0
  ClipSize: 30
  ShellCasing: {fileID: 0}
  EjectionPort: {fileID: 0}
  ShellCasingEjectionForce: 2
  ShellPoolSize: 1
  AmmoReloadRate: Infinity
  AmmoReloadDelay: 0.6
  MaxAmmo: 15
  AutomaticReleaseOnCharged: 0
  MaxChargeDuration: 2
  AmmoUsedOnStartCharge: 1
  AmmoUsageRateWhileCharging: 2
  WeaponAnimator: {fileID: 0}
  MuzzleFlashPrefab: {fileID: 3513654465804294801}
  UnparentMuzzleFlash: 0
  ShootSfx: {fileID: 8300000, guid: 0d44f0cb2e91f5f4ca09aded9a1bd9ab, type: 3}
  ChangeWeaponSfx: {fileID: 0}
  UseContinuousShootSound: 0
  ContinuousShootStartSfx: {fileID: 0}
  ContinuousShootLoopSfx: {fileID: 0}
  ContinuousShootEndSfx: {fileID: 0}
--- !u!82 &2802953987679139644
AudioSource:
  m_ObjectHideFlags: 0
  m_CorrespondingSourceObject: {fileID: 0}
  m_PrefabInstance: {fileID: 0}
  m_PrefabAsset: {fileID: 0}
  m_GameObject: {fileID: 5209791398957955389}
  m_Enabled: 1
  serializedVersion: 4
  OutputAudioMixerGroup: {fileID: 243177779269262668, guid: fcc71635aab95ff4fbdf1880bf2afa2f,
    type: 2}
  m_audioClip: {fileID: 0}
  m_PlayOnAwake: 0
  m_Volume: 0.15
  m_Pitch: 1
  Loop: 0
  Mute: 0
  Spatialize: 0
  SpatializePostEffects: 0
  Priority: 128
  DopplerLevel: 1
  MinDistance: 1
  MaxDistance: 20
  Pan2D: 0
  rolloffMode: 0
  BypassEffects: 0
  BypassListenerEffects: 0
  BypassReverbZones: 0
  rolloffCustomCurve:
    serializedVersion: 2
    m_Curve:
    - serializedVersion: 3
      time: 0
      value: 1
      inSlope: 0
      outSlope: 0
      tangentMode: 0
      weightedMode: 0
      inWeight: 0.33333334
      outWeight: 0.33333334
    - serializedVersion: 3
      time: 1
      value: 0
      inSlope: 0
      outSlope: 0
      tangentMode: 0
      weightedMode: 0
      inWeight: 0.33333334
      outWeight: 0.33333334
    m_PreInfinity: 2
    m_PostInfinity: 2
    m_RotationOrder: 4
  panLevelCustomCurve:
    serializedVersion: 2
    m_Curve:
    - serializedVersion: 3
      time: 0
      value: 0.5
      inSlope: 0
      outSlope: 0
      tangentMode: 0
      weightedMode: 0
      inWeight: 0.33333334
      outWeight: 0.33333334
    m_PreInfinity: 2
    m_PostInfinity: 2
    m_RotationOrder: 4
  spreadCustomCurve:
    serializedVersion: 2
    m_Curve:
    - serializedVersion: 3
      time: 0
      value: 0
      inSlope: 0
      outSlope: 0
      tangentMode: 0
      weightedMode: 0
      inWeight: 0.33333334
      outWeight: 0.33333334
    m_PreInfinity: 2
    m_PostInfinity: 2
    m_RotationOrder: 4
  reverbZoneMixCustomCurve:
    serializedVersion: 2
    m_Curve:
    - serializedVersion: 3
      time: 0
      value: 1
      inSlope: 0
      outSlope: 0
      tangentMode: 0
      weightedMode: 0
      inWeight: 0.33333334
      outWeight: 0.33333334
    m_PreInfinity: 2
    m_PostInfinity: 2
    m_RotationOrder: 4
--- !u!1 &5475715474086232624
GameObject:
  m_ObjectHideFlags: 0
  m_CorrespondingSourceObject: {fileID: 0}
  m_PrefabInstance: {fileID: 0}
  m_PrefabAsset: {fileID: 0}
  serializedVersion: 6
  m_Component:
  - component: {fileID: 5188559409974946200}
  - component: {fileID: 4833848750248182006}
  - component: {fileID: 8184300679358634413}
  m_Layer: 5
  m_Name: ImageFill
  m_TagString: Untagged
  m_Icon: {fileID: 0}
  m_NavMeshLayer: 0
  m_StaticEditorFlags: 0
  m_IsActive: 1
--- !u!224 &5188559409974946200
RectTransform:
  m_ObjectHideFlags: 0
  m_CorrespondingSourceObject: {fileID: 0}
  m_PrefabInstance: {fileID: 0}
  m_PrefabAsset: {fileID: 0}
  m_GameObject: {fileID: 5475715474086232624}
  m_LocalRotation: {x: 0, y: 0, z: 0, w: 1}
  m_LocalPosition: {x: 0, y: 0, z: 0}
  m_LocalScale: {x: 1, y: 1, z: 1}
  m_Children: []
  m_Father: {fileID: 1941313477555570411}
  m_RootOrder: 1
  m_LocalEulerAnglesHint: {x: 0, y: 0, z: 0}
  m_AnchorMin: {x: 0, y: 0}
  m_AnchorMax: {x: 1, y: 1}
  m_AnchoredPosition: {x: 0, y: 0}
  m_SizeDelta: {x: -0.019999998, y: -0.019999998}
  m_Pivot: {x: 0.5, y: 0.5}
--- !u!222 &4833848750248182006
CanvasRenderer:
  m_ObjectHideFlags: 0
  m_CorrespondingSourceObject: {fileID: 0}
  m_PrefabInstance: {fileID: 0}
  m_PrefabAsset: {fileID: 0}
  m_GameObject: {fileID: 5475715474086232624}
  m_CullTransparentMesh: 0
--- !u!114 &8184300679358634413
MonoBehaviour:
  m_ObjectHideFlags: 0
  m_CorrespondingSourceObject: {fileID: 0}
  m_PrefabInstance: {fileID: 0}
  m_PrefabAsset: {fileID: 0}
  m_GameObject: {fileID: 5475715474086232624}
  m_Enabled: 1
  m_EditorHideFlags: 0
  m_Script: {fileID: 11500000, guid: fe87c0e1cc204ed48ad3b37840f39efc, type: 3}
  m_Name: 
  m_EditorClassIdentifier: 
  m_Material: {fileID: 0}
  m_Color: {r: 1, g: 0, b: 0, a: 1}
  m_RaycastTarget: 1
  m_RaycastPadding: {x: 0, y: 0, z: 0, w: 0}
  m_Maskable: 1
  m_OnCullStateChanged:
    m_PersistentCalls:
      m_Calls: []
  m_Sprite: {fileID: 21300000, guid: d194854d61472d744b8684ceab84264a, type: 3}
  m_Type: 3
  m_PreserveAspect: 0
  m_FillCenter: 1
  m_FillMethod: 0
  m_FillAmount: 1
  m_FillClockwise: 1
  m_FillOrigin: 1
  m_UseSpriteMesh: 0
  m_PixelsPerUnitMultiplier: 1
--- !u!1 &6881336518699542874
GameObject:
  m_ObjectHideFlags: 0
  m_CorrespondingSourceObject: {fileID: 0}
  m_PrefabInstance: {fileID: 0}
  m_PrefabAsset: {fileID: 0}
  serializedVersion: 6
  m_Component:
  - component: {fileID: 1529774153769884566}
  - component: {fileID: 1182803407330562933}
  - component: {fileID: 924146157075677786}
  m_Layer: 5
  m_Name: ImageBackground
  m_TagString: Untagged
  m_Icon: {fileID: 0}
  m_NavMeshLayer: 0
  m_StaticEditorFlags: 0
  m_IsActive: 1
--- !u!224 &1529774153769884566
RectTransform:
  m_ObjectHideFlags: 0
  m_CorrespondingSourceObject: {fileID: 0}
  m_PrefabInstance: {fileID: 0}
  m_PrefabAsset: {fileID: 0}
  m_GameObject: {fileID: 6881336518699542874}
  m_LocalRotation: {x: 0, y: 0, z: 0, w: 1}
  m_LocalPosition: {x: 0, y: 0, z: 0}
  m_LocalScale: {x: 1, y: 1, z: 1}
  m_Children: []
  m_Father: {fileID: 1941313477555570411}
  m_RootOrder: 0
  m_LocalEulerAnglesHint: {x: 0, y: 0, z: 0}
  m_AnchorMin: {x: 0, y: 0}
  m_AnchorMax: {x: 1, y: 1}
  m_AnchoredPosition: {x: 0, y: 0}
  m_SizeDelta: {x: 0, y: 0}
  m_Pivot: {x: 0.5, y: 0.5}
--- !u!222 &1182803407330562933
CanvasRenderer:
  m_ObjectHideFlags: 0
  m_CorrespondingSourceObject: {fileID: 0}
  m_PrefabInstance: {fileID: 0}
  m_PrefabAsset: {fileID: 0}
  m_GameObject: {fileID: 6881336518699542874}
  m_CullTransparentMesh: 0
--- !u!114 &924146157075677786
MonoBehaviour:
  m_ObjectHideFlags: 0
  m_CorrespondingSourceObject: {fileID: 0}
  m_PrefabInstance: {fileID: 0}
  m_PrefabAsset: {fileID: 0}
  m_GameObject: {fileID: 6881336518699542874}
  m_Enabled: 1
  m_EditorHideFlags: 0
  m_Script: {fileID: 11500000, guid: fe87c0e1cc204ed48ad3b37840f39efc, type: 3}
  m_Name: 
  m_EditorClassIdentifier: 
  m_Material: {fileID: 0}
  m_Color: {r: 1, g: 1, b: 1, a: 1}
  m_RaycastTarget: 1
  m_RaycastPadding: {x: 0, y: 0, z: 0, w: 0}
  m_Maskable: 1
  m_OnCullStateChanged:
    m_PersistentCalls:
      m_Calls: []
  m_Sprite: {fileID: 21300000, guid: 3e7d439637d58744ba13be1b4b74413b, type: 3}
  m_Type: 0
  m_PreserveAspect: 0
  m_FillCenter: 1
  m_FillMethod: 4
  m_FillAmount: 1
  m_FillClockwise: 1
  m_FillOrigin: 0
  m_UseSpriteMesh: 0
  m_PixelsPerUnitMultiplier: 1
--- !u!1 &6895550244523850090
GameObject:
  m_ObjectHideFlags: 0
  m_CorrespondingSourceObject: {fileID: 0}
  m_PrefabInstance: {fileID: 0}
  m_PrefabAsset: {fileID: 0}
  serializedVersion: 6
  m_Component:
  - component: {fileID: 1941313477555570411}
  - component: {fileID: 4160239553996209300}
  - component: {fileID: 7748573648884935519}
  - component: {fileID: 2569784827914369319}
  m_Layer: 5
  m_Name: Canvas
  m_TagString: Untagged
  m_Icon: {fileID: 0}
  m_NavMeshLayer: 0
  m_StaticEditorFlags: 0
  m_IsActive: 1
--- !u!224 &1941313477555570411
RectTransform:
  m_ObjectHideFlags: 0
  m_CorrespondingSourceObject: {fileID: 0}
  m_PrefabInstance: {fileID: 0}
  m_PrefabAsset: {fileID: 0}
  m_GameObject: {fileID: 6895550244523850090}
  m_LocalRotation: {x: -0, y: -0, z: -0, w: 1}
  m_LocalPosition: {x: 0, y: 0, z: -0.117}
  m_LocalScale: {x: 1, y: 1, z: 1}
  m_Children:
  - {fileID: 1529774153769884566}
  - {fileID: 5188559409974946200}
  m_Father: {fileID: 3430003522634465091}
  m_RootOrder: 0
  m_LocalEulerAnglesHint: {x: 0, y: 0, z: 0}
  m_AnchorMin: {x: 0.5, y: 0.5}
  m_AnchorMax: {x: 0.5, y: 0.5}
  m_AnchoredPosition: {x: 0, y: 0}
  m_SizeDelta: {x: 1, y: 0.1}
  m_Pivot: {x: 0.5, y: 0.5}
--- !u!223 &4160239553996209300
Canvas:
  m_ObjectHideFlags: 0
  m_CorrespondingSourceObject: {fileID: 0}
  m_PrefabInstance: {fileID: 0}
  m_PrefabAsset: {fileID: 0}
  m_GameObject: {fileID: 6895550244523850090}
  m_Enabled: 1
  serializedVersion: 3
  m_RenderMode: 2
  m_Camera: {fileID: 0}
  m_PlaneDistance: 100
  m_PixelPerfect: 0
  m_ReceivesEvents: 1
  m_OverrideSorting: 0
  m_OverridePixelPerfect: 0
  m_SortingBucketNormalizedSize: 0
  m_AdditionalShaderChannelsFlag: 0
  m_SortingLayerID: 0
  m_SortingOrder: 0
  m_TargetDisplay: 0
--- !u!114 &7748573648884935519
MonoBehaviour:
  m_ObjectHideFlags: 0
  m_CorrespondingSourceObject: {fileID: 0}
  m_PrefabInstance: {fileID: 0}
  m_PrefabAsset: {fileID: 0}
  m_GameObject: {fileID: 6895550244523850090}
  m_Enabled: 1
  m_EditorHideFlags: 0
  m_Script: {fileID: 11500000, guid: 0cd44c1031e13a943bb63640046fad76, type: 3}
  m_Name: 
  m_EditorClassIdentifier: 
  m_UiScaleMode: 0
  m_ReferencePixelsPerUnit: 100
  m_ScaleFactor: 1
  m_ReferenceResolution: {x: 800, y: 600}
  m_ScreenMatchMode: 0
  m_MatchWidthOrHeight: 0
  m_PhysicalUnit: 3
  m_FallbackScreenDPI: 96
  m_DefaultSpriteDPI: 96
  m_DynamicPixelsPerUnit: 1
  m_PresetInfoIsWorld: 1
--- !u!114 &2569784827914369319
MonoBehaviour:
  m_ObjectHideFlags: 0
  m_CorrespondingSourceObject: {fileID: 0}
  m_PrefabInstance: {fileID: 0}
  m_PrefabAsset: {fileID: 0}
  m_GameObject: {fileID: 6895550244523850090}
  m_Enabled: 1
  m_EditorHideFlags: 0
  m_Script: {fileID: 11500000, guid: dc42784cf147c0c48a680349fa168899, type: 3}
  m_Name: 
  m_EditorClassIdentifier: 
  m_IgnoreReversedGraphics: 1
  m_BlockingObjects: 0
  m_BlockingMask:
    serializedVersion: 2
    m_Bits: 4294967295
--- !u!1001 &1951663911210213487
PrefabInstance:
  m_ObjectHideFlags: 0
  serializedVersion: 2
  m_Modification:
    m_TransformParent: {fileID: 6156054952534692527}
    m_Modifications:
    - target: {fileID: 1724943582601498801, guid: 7593818fba43c7f4c8372299ce5e893f,
        type: 3}
      propertyPath: m_Materials.Array.size
      value: 1
      objectReference: {fileID: 0}
    - target: {fileID: 6523915449405344066, guid: 7593818fba43c7f4c8372299ce5e893f,
        type: 3}
      propertyPath: m_Name
      value: VFX_HitSparks
      objectReference: {fileID: 0}
    - target: {fileID: 8492437560918690266, guid: 7593818fba43c7f4c8372299ce5e893f,
        type: 3}
      propertyPath: m_RootOrder
      value: 2
      objectReference: {fileID: 0}
    - target: {fileID: 8492437560918690266, guid: 7593818fba43c7f4c8372299ce5e893f,
        type: 3}
      propertyPath: m_LocalPosition.x
      value: -0.224
      objectReference: {fileID: 0}
    - target: {fileID: 8492437560918690266, guid: 7593818fba43c7f4c8372299ce5e893f,
        type: 3}
      propertyPath: m_LocalPosition.y
      value: 0.144
      objectReference: {fileID: 0}
    - target: {fileID: 8492437560918690266, guid: 7593818fba43c7f4c8372299ce5e893f,
        type: 3}
      propertyPath: m_LocalPosition.z
      value: -0.251
      objectReference: {fileID: 0}
    - target: {fileID: 8492437560918690266, guid: 7593818fba43c7f4c8372299ce5e893f,
        type: 3}
      propertyPath: m_LocalRotation.w
      value: 0.20812553
      objectReference: {fileID: 0}
    - target: {fileID: 8492437560918690266, guid: 7593818fba43c7f4c8372299ce5e893f,
        type: 3}
      propertyPath: m_LocalRotation.x
      value: -0.9530492
      objectReference: {fileID: 0}
    - target: {fileID: 8492437560918690266, guid: 7593818fba43c7f4c8372299ce5e893f,
        type: 3}
      propertyPath: m_LocalRotation.y
      value: 0.046927802
      objectReference: {fileID: 0}
    - target: {fileID: 8492437560918690266, guid: 7593818fba43c7f4c8372299ce5e893f,
        type: 3}
      propertyPath: m_LocalRotation.z
      value: 0.21489272
      objectReference: {fileID: 0}
    - target: {fileID: 8492437560918690266, guid: 7593818fba43c7f4c8372299ce5e893f,
        type: 3}
      propertyPath: m_LocalEulerAnglesHint.x
      value: -155.362
      objectReference: {fileID: 0}
    - target: {fileID: 8492437560918690266, guid: 7593818fba43c7f4c8372299ce5e893f,
        type: 3}
      propertyPath: m_LocalEulerAnglesHint.y
      value: 25.412994
      objectReference: {fileID: 0}
    - target: {fileID: 8492437560918690266, guid: 7593818fba43c7f4c8372299ce5e893f,
        type: 3}
      propertyPath: m_LocalEulerAnglesHint.z
      value: 0
      objectReference: {fileID: 0}
    m_RemovedComponents: []
  m_SourcePrefab: {fileID: 100100000, guid: 7593818fba43c7f4c8372299ce5e893f, type: 3}
--- !u!198 &8277750848762841724 stripped
ParticleSystem:
  m_CorrespondingSourceObject: {fileID: 7635230255058315795, guid: 7593818fba43c7f4c8372299ce5e893f,
    type: 3}
  m_PrefabInstance: {fileID: 1951663911210213487}
  m_PrefabAsset: {fileID: 0}
--- !u!1001 &3209891804989623552
PrefabInstance:
  m_ObjectHideFlags: 0
  serializedVersion: 2
  m_Modification:
    m_TransformParent: {fileID: 6156054952534692527}
    m_Modifications:
    - target: {fileID: 8855434715677272936, guid: 1bc9e4f49c67a6a41af3e7cb3d30bb43,
        type: 3}
      propertyPath: m_Name
      value: VFX_Alert
      objectReference: {fileID: 0}
    - target: {fileID: 8855434715677272939, guid: 1bc9e4f49c67a6a41af3e7cb3d30bb43,
        type: 3}
      propertyPath: m_Materials.Array.size
      value: 1
      objectReference: {fileID: 0}
    - target: {fileID: 8855434715677272941, guid: 1bc9e4f49c67a6a41af3e7cb3d30bb43,
        type: 3}
      propertyPath: m_RootOrder
      value: 5
      objectReference: {fileID: 0}
    - target: {fileID: 8855434715677272941, guid: 1bc9e4f49c67a6a41af3e7cb3d30bb43,
        type: 3}
      propertyPath: m_LocalScale.x
      value: 0.63972
      objectReference: {fileID: 0}
    - target: {fileID: 8855434715677272941, guid: 1bc9e4f49c67a6a41af3e7cb3d30bb43,
        type: 3}
      propertyPath: m_LocalScale.y
      value: 0.63972
      objectReference: {fileID: 0}
    - target: {fileID: 8855434715677272941, guid: 1bc9e4f49c67a6a41af3e7cb3d30bb43,
        type: 3}
      propertyPath: m_LocalScale.z
      value: 0.63972
      objectReference: {fileID: 0}
    - target: {fileID: 8855434715677272941, guid: 1bc9e4f49c67a6a41af3e7cb3d30bb43,
        type: 3}
      propertyPath: m_LocalPosition.x
      value: -0.128
      objectReference: {fileID: 0}
    - target: {fileID: 8855434715677272941, guid: 1bc9e4f49c67a6a41af3e7cb3d30bb43,
        type: 3}
      propertyPath: m_LocalPosition.y
      value: 0.418
      objectReference: {fileID: 0}
    - target: {fileID: 8855434715677272941, guid: 1bc9e4f49c67a6a41af3e7cb3d30bb43,
        type: 3}
      propertyPath: m_LocalPosition.z
      value: -0
      objectReference: {fileID: 0}
    - target: {fileID: 8855434715677272941, guid: 1bc9e4f49c67a6a41af3e7cb3d30bb43,
        type: 3}
      propertyPath: m_LocalRotation.w
      value: 1
      objectReference: {fileID: 0}
    - target: {fileID: 8855434715677272941, guid: 1bc9e4f49c67a6a41af3e7cb3d30bb43,
        type: 3}
      propertyPath: m_LocalRotation.x
      value: 0
      objectReference: {fileID: 0}
    - target: {fileID: 8855434715677272941, guid: 1bc9e4f49c67a6a41af3e7cb3d30bb43,
        type: 3}
      propertyPath: m_LocalRotation.y
      value: 0
      objectReference: {fileID: 0}
    - target: {fileID: 8855434715677272941, guid: 1bc9e4f49c67a6a41af3e7cb3d30bb43,
        type: 3}
      propertyPath: m_LocalRotation.z
      value: 0
      objectReference: {fileID: 0}
    - target: {fileID: 8855434715677272941, guid: 1bc9e4f49c67a6a41af3e7cb3d30bb43,
        type: 3}
      propertyPath: m_LocalEulerAnglesHint.x
      value: 0
      objectReference: {fileID: 0}
    - target: {fileID: 8855434715677272941, guid: 1bc9e4f49c67a6a41af3e7cb3d30bb43,
        type: 3}
      propertyPath: m_LocalEulerAnglesHint.y
      value: 0
      objectReference: {fileID: 0}
    - target: {fileID: 8855434715677272941, guid: 1bc9e4f49c67a6a41af3e7cb3d30bb43,
        type: 3}
      propertyPath: m_LocalEulerAnglesHint.z
      value: 0
      objectReference: {fileID: 0}
    m_RemovedComponents: []
  m_SourcePrefab: {fileID: 100100000, guid: 1bc9e4f49c67a6a41af3e7cb3d30bb43, type: 3}
--- !u!198 &6228198337280157290 stripped
ParticleSystem:
  m_CorrespondingSourceObject: {fileID: 8855434715677272938, guid: 1bc9e4f49c67a6a41af3e7cb3d30bb43,
    type: 3}
  m_PrefabInstance: {fileID: 3209891804989623552}
  m_PrefabAsset: {fileID: 0}
--- !u!1001 &4054628285285779835
PrefabInstance:
  m_ObjectHideFlags: 0
  serializedVersion: 2
  m_Modification:
    m_TransformParent: {fileID: 6156054952534692527}
    m_Modifications:
    - target: {fileID: 1724943582601498801, guid: 7593818fba43c7f4c8372299ce5e893f,
        type: 3}
      propertyPath: m_Materials.Array.size
      value: 1
      objectReference: {fileID: 0}
    - target: {fileID: 6523915449405344066, guid: 7593818fba43c7f4c8372299ce5e893f,
        type: 3}
      propertyPath: m_Name
      value: VFX_HitSparks (2)
      objectReference: {fileID: 0}
    - target: {fileID: 8492437560918690266, guid: 7593818fba43c7f4c8372299ce5e893f,
        type: 3}
      propertyPath: m_RootOrder
      value: 4
      objectReference: {fileID: 0}
    - target: {fileID: 8492437560918690266, guid: 7593818fba43c7f4c8372299ce5e893f,
        type: 3}
      propertyPath: m_LocalPosition.x
      value: -0.208
      objectReference: {fileID: 0}
    - target: {fileID: 8492437560918690266, guid: 7593818fba43c7f4c8372299ce5e893f,
        type: 3}
      propertyPath: m_LocalPosition.y
      value: 0.206
      objectReference: {fileID: 0}
    - target: {fileID: 8492437560918690266, guid: 7593818fba43c7f4c8372299ce5e893f,
        type: 3}
      propertyPath: m_LocalPosition.z
      value: 0.127
      objectReference: {fileID: 0}
    - target: {fileID: 8492437560918690266, guid: 7593818fba43c7f4c8372299ce5e893f,
        type: 3}
      propertyPath: m_LocalRotation.w
      value: 0.32634395
      objectReference: {fileID: 0}
    - target: {fileID: 8492437560918690266, guid: 7593818fba43c7f4c8372299ce5e893f,
        type: 3}
      propertyPath: m_LocalRotation.x
      value: -0.051000625
      objectReference: {fileID: 0}
    - target: {fileID: 8492437560918690266, guid: 7593818fba43c7f4c8372299ce5e893f,
        type: 3}
      propertyPath: m_LocalRotation.y
      value: 0.49077338
      objectReference: {fileID: 0}
    - target: {fileID: 8492437560918690266, guid: 7593818fba43c7f4c8372299ce5e893f,
        type: 3}
      propertyPath: m_LocalRotation.z
      value: 0.8062507
      objectReference: {fileID: 0}
    - target: {fileID: 8492437560918690266, guid: 7593818fba43c7f4c8372299ce5e893f,
        type: 3}
      propertyPath: m_LocalEulerAnglesHint.x
      value: -124.446
      objectReference: {fileID: 0}
    - target: {fileID: 8492437560918690266, guid: 7593818fba43c7f4c8372299ce5e893f,
        type: 3}
      propertyPath: m_LocalEulerAnglesHint.y
      value: 204.893
      objectReference: {fileID: 0}
    - target: {fileID: 8492437560918690266, guid: 7593818fba43c7f4c8372299ce5e893f,
        type: 3}
      propertyPath: m_LocalEulerAnglesHint.z
      value: -57.33499
      objectReference: {fileID: 0}
    m_RemovedComponents: []
  m_SourcePrefab: {fileID: 100100000, guid: 7593818fba43c7f4c8372299ce5e893f, type: 3}
--- !u!198 &5886529652140614504 stripped
ParticleSystem:
  m_CorrespondingSourceObject: {fileID: 7635230255058315795, guid: 7593818fba43c7f4c8372299ce5e893f,
    type: 3}
  m_PrefabInstance: {fileID: 4054628285285779835}
  m_PrefabAsset: {fileID: 0}
--- !u!1001 &4226407181768323502
PrefabInstance:
  m_ObjectHideFlags: 0
  serializedVersion: 2
  m_Modification:
    m_TransformParent: {fileID: 2668127415247981263}
    m_Modifications:
    - target: {fileID: 264520514954343661, guid: 3f5b545b9a1e74c418b061bba5bb9e2c,
        type: 3}
      propertyPath: m_RootOrder
      value: 0
      objectReference: {fileID: 0}
    - target: {fileID: 264520514954343661, guid: 3f5b545b9a1e74c418b061bba5bb9e2c,
        type: 3}
      propertyPath: m_LocalPosition.x
      value: 0
      objectReference: {fileID: 0}
    - target: {fileID: 264520514954343661, guid: 3f5b545b9a1e74c418b061bba5bb9e2c,
        type: 3}
      propertyPath: m_LocalPosition.y
      value: 0
      objectReference: {fileID: 0}
    - target: {fileID: 264520514954343661, guid: 3f5b545b9a1e74c418b061bba5bb9e2c,
        type: 3}
      propertyPath: m_LocalPosition.z
      value: 0
      objectReference: {fileID: 0}
    - target: {fileID: 264520514954343661, guid: 3f5b545b9a1e74c418b061bba5bb9e2c,
        type: 3}
      propertyPath: m_LocalRotation.w
      value: 0.50000006
      objectReference: {fileID: 0}
    - target: {fileID: 264520514954343661, guid: 3f5b545b9a1e74c418b061bba5bb9e2c,
        type: 3}
      propertyPath: m_LocalRotation.x
      value: -0.50000006
      objectReference: {fileID: 0}
    - target: {fileID: 264520514954343661, guid: 3f5b545b9a1e74c418b061bba5bb9e2c,
        type: 3}
      propertyPath: m_LocalRotation.y
      value: 0.49999994
      objectReference: {fileID: 0}
    - target: {fileID: 264520514954343661, guid: 3f5b545b9a1e74c418b061bba5bb9e2c,
        type: 3}
      propertyPath: m_LocalRotation.z
      value: 0.49999994
      objectReference: {fileID: 0}
    - target: {fileID: 264520514954343661, guid: 3f5b545b9a1e74c418b061bba5bb9e2c,
        type: 3}
      propertyPath: m_LocalEulerAnglesHint.x
      value: -90
      objectReference: {fileID: 0}
    - target: {fileID: 264520514954343661, guid: 3f5b545b9a1e74c418b061bba5bb9e2c,
        type: 3}
      propertyPath: m_LocalEulerAnglesHint.y
      value: 0
      objectReference: {fileID: 0}
    - target: {fileID: 264520514954343661, guid: 3f5b545b9a1e74c418b061bba5bb9e2c,
        type: 3}
      propertyPath: m_LocalEulerAnglesHint.z
      value: 0
      objectReference: {fileID: 0}
    - target: {fileID: 748781637555137343, guid: 3f5b545b9a1e74c418b061bba5bb9e2c,
        type: 3}
      propertyPath: m_Name
      value: VFX_EnemyMuzzleFlash
      objectReference: {fileID: 0}
    - target: {fileID: 7692336672675980230, guid: 3f5b545b9a1e74c418b061bba5bb9e2c,
        type: 3}
      propertyPath: scalingMode
      value: 0
      objectReference: {fileID: 0}
    m_RemovedComponents: []
  m_SourcePrefab: {fileID: 100100000, guid: 3f5b545b9a1e74c418b061bba5bb9e2c, type: 3}
--- !u!1 &3513654465804294801 stripped
GameObject:
  m_CorrespondingSourceObject: {fileID: 748781637555137343, guid: 3f5b545b9a1e74c418b061bba5bb9e2c,
    type: 3}
  m_PrefabInstance: {fileID: 4226407181768323502}
  m_PrefabAsset: {fileID: 0}
--- !u!4 &4110927679885002051 stripped
Transform:
  m_CorrespondingSourceObject: {fileID: 264520514954343661, guid: 3f5b545b9a1e74c418b061bba5bb9e2c,
    type: 3}
  m_PrefabInstance: {fileID: 4226407181768323502}
  m_PrefabAsset: {fileID: 0}
--- !u!1001 &5611317068870098501
PrefabInstance:
  m_ObjectHideFlags: 0
  serializedVersion: 2
  m_Modification:
    m_TransformParent: {fileID: 6156054952534692527}
    m_Modifications:
    - target: {fileID: 1724943582601498801, guid: 7593818fba43c7f4c8372299ce5e893f,
        type: 3}
      propertyPath: m_Materials.Array.size
      value: 1
      objectReference: {fileID: 0}
    - target: {fileID: 6523915449405344066, guid: 7593818fba43c7f4c8372299ce5e893f,
        type: 3}
      propertyPath: m_Name
      value: VFX_HitSparks (1)
      objectReference: {fileID: 0}
    - target: {fileID: 8492437560918690266, guid: 7593818fba43c7f4c8372299ce5e893f,
        type: 3}
      propertyPath: m_RootOrder
      value: 3
      objectReference: {fileID: 0}
    - target: {fileID: 8492437560918690266, guid: 7593818fba43c7f4c8372299ce5e893f,
        type: 3}
      propertyPath: m_LocalPosition.x
      value: 0.24
      objectReference: {fileID: 0}
    - target: {fileID: 8492437560918690266, guid: 7593818fba43c7f4c8372299ce5e893f,
        type: 3}
      propertyPath: m_LocalPosition.y
      value: -0.1
      objectReference: {fileID: 0}
    - target: {fileID: 8492437560918690266, guid: 7593818fba43c7f4c8372299ce5e893f,
        type: 3}
      propertyPath: m_LocalPosition.z
      value: 0.259
      objectReference: {fileID: 0}
    - target: {fileID: 8492437560918690266, guid: 7593818fba43c7f4c8372299ce5e893f,
        type: 3}
      propertyPath: m_LocalRotation.w
      value: -0.005056197
      objectReference: {fileID: 0}
    - target: {fileID: 8492437560918690266, guid: 7593818fba43c7f4c8372299ce5e893f,
        type: 3}
      propertyPath: m_LocalRotation.x
      value: 0.26210952
      objectReference: {fileID: 0}
    - target: {fileID: 8492437560918690266, guid: 7593818fba43c7f4c8372299ce5e893f,
        type: 3}
      propertyPath: m_LocalRotation.y
      value: 0.018612554
      objectReference: {fileID: 0}
    - target: {fileID: 8492437560918690266, guid: 7593818fba43c7f4c8372299ce5e893f,
        type: 3}
      propertyPath: m_LocalRotation.z
      value: 0.9648454
      objectReference: {fileID: 0}
    - target: {fileID: 8492437560918690266, guid: 7593818fba43c7f4c8372299ce5e893f,
        type: 3}
      propertyPath: m_LocalEulerAnglesHint.x
      value: -177.79
      objectReference: {fileID: 0}
    - target: {fileID: 8492437560918690266, guid: 7593818fba43c7f4c8372299ce5e893f,
        type: 3}
      propertyPath: m_LocalEulerAnglesHint.y
      value: 210.396
      objectReference: {fileID: 0}
    - target: {fileID: 8492437560918690266, guid: 7593818fba43c7f4c8372299ce5e893f,
        type: 3}
      propertyPath: m_LocalEulerAnglesHint.z
      value: 0
      objectReference: {fileID: 0}
    m_RemovedComponents: []
  m_SourcePrefab: {fileID: 100100000, guid: 7593818fba43c7f4c8372299ce5e893f, type: 3}
--- !u!198 &2606087003192063062 stripped
ParticleSystem:
  m_CorrespondingSourceObject: {fileID: 7635230255058315795, guid: 7593818fba43c7f4c8372299ce5e893f,
    type: 3}
  m_PrefabInstance: {fileID: 5611317068870098501}
  m_PrefabAsset: {fileID: 0}
--- !u!1001 &6156054952534558761
PrefabInstance:
  m_ObjectHideFlags: 0
  serializedVersion: 2
  m_Modification:
    m_TransformParent: {fileID: 2587084371807056908}
    m_Modifications:
    - target: {fileID: 100018, guid: fad35a70731ab804c975c717ee8862a5, type: 3}
      propertyPath: m_Name
      value: TurretRobot
      objectReference: {fileID: 0}
    - target: {fileID: 400006, guid: fad35a70731ab804c975c717ee8862a5, type: 3}
      propertyPath: m_LocalPosition.y
      value: 0.22
      objectReference: {fileID: 0}
    - target: {fileID: 400014, guid: fad35a70731ab804c975c717ee8862a5, type: 3}
      propertyPath: m_LocalPosition.x
      value: -1.6115
      objectReference: {fileID: 0}
    - target: {fileID: 400014, guid: fad35a70731ab804c975c717ee8862a5, type: 3}
      propertyPath: m_LocalPosition.z
      value: -0.0000010728836
      objectReference: {fileID: 0}
    - target: {fileID: 400018, guid: fad35a70731ab804c975c717ee8862a5, type: 3}
      propertyPath: m_RootOrder
      value: 0
      objectReference: {fileID: 0}
    - target: {fileID: 400018, guid: fad35a70731ab804c975c717ee8862a5, type: 3}
      propertyPath: m_LocalPosition.x
      value: 0
      objectReference: {fileID: 0}
    - target: {fileID: 400018, guid: fad35a70731ab804c975c717ee8862a5, type: 3}
      propertyPath: m_LocalPosition.y
      value: 0
      objectReference: {fileID: 0}
    - target: {fileID: 400018, guid: fad35a70731ab804c975c717ee8862a5, type: 3}
      propertyPath: m_LocalPosition.z
      value: 0
      objectReference: {fileID: 0}
    - target: {fileID: 400018, guid: fad35a70731ab804c975c717ee8862a5, type: 3}
      propertyPath: m_LocalRotation.w
      value: 0.7071068
      objectReference: {fileID: 0}
    - target: {fileID: 400018, guid: fad35a70731ab804c975c717ee8862a5, type: 3}
      propertyPath: m_LocalRotation.x
      value: 0
      objectReference: {fileID: 0}
    - target: {fileID: 400018, guid: fad35a70731ab804c975c717ee8862a5, type: 3}
      propertyPath: m_LocalRotation.y
      value: 0.7071068
      objectReference: {fileID: 0}
    - target: {fileID: 400018, guid: fad35a70731ab804c975c717ee8862a5, type: 3}
      propertyPath: m_LocalRotation.z
      value: 0
      objectReference: {fileID: 0}
    - target: {fileID: 400018, guid: fad35a70731ab804c975c717ee8862a5, type: 3}
      propertyPath: m_LocalEulerAnglesHint.x
      value: 0
      objectReference: {fileID: 0}
    - target: {fileID: 400018, guid: fad35a70731ab804c975c717ee8862a5, type: 3}
      propertyPath: m_LocalEulerAnglesHint.y
      value: 90
      objectReference: {fileID: 0}
    - target: {fileID: 400018, guid: fad35a70731ab804c975c717ee8862a5, type: 3}
      propertyPath: m_LocalEulerAnglesHint.z
      value: 0
      objectReference: {fileID: 0}
    - target: {fileID: 400020, guid: fad35a70731ab804c975c717ee8862a5, type: 3}
      propertyPath: m_LocalPosition.x
      value: 0
      objectReference: {fileID: 0}
    - target: {fileID: 400020, guid: fad35a70731ab804c975c717ee8862a5, type: 3}
      propertyPath: m_LocalPosition.y
      value: 1
      objectReference: {fileID: 0}
    - target: {fileID: 9500000, guid: fad35a70731ab804c975c717ee8862a5, type: 3}
      propertyPath: m_Controller
      value: 
      objectReference: {fileID: 9100000, guid: d57ebae9f701b57448648b380d0beb65, type: 2}
    m_RemovedComponents: []
  m_SourcePrefab: {fileID: 100100000, guid: fad35a70731ab804c975c717ee8862a5, type: 3}
--- !u!4 &6156054952534692527 stripped
Transform:
  m_CorrespondingSourceObject: {fileID: 400006, guid: fad35a70731ab804c975c717ee8862a5,
    type: 3}
  m_PrefabInstance: {fileID: 6156054952534558761}
  m_PrefabAsset: {fileID: 0}
--- !u!4 &6156054952534692513 stripped
Transform:
  m_CorrespondingSourceObject: {fileID: 400008, guid: fad35a70731ab804c975c717ee8862a5,
    type: 3}
  m_PrefabInstance: {fileID: 6156054952534558761}
  m_PrefabAsset: {fileID: 0}
--- !u!95 &6156054952525151561 stripped
Animator:
  m_CorrespondingSourceObject: {fileID: 9500000, guid: fad35a70731ab804c975c717ee8862a5,
    type: 3}
  m_PrefabInstance: {fileID: 6156054952534558761}
  m_PrefabAsset: {fileID: 0}
--- !u!4 &6156054952534692539 stripped
Transform:
  m_CorrespondingSourceObject: {fileID: 400018, guid: fad35a70731ab804c975c717ee8862a5,
    type: 3}
  m_PrefabInstance: {fileID: 6156054952534558761}
  m_PrefabAsset: {fileID: 0}
--- !u!4 &6156054952534692523 stripped
Transform:
  m_CorrespondingSourceObject: {fileID: 400002, guid: fad35a70731ab804c975c717ee8862a5,
    type: 3}
  m_PrefabInstance: {fileID: 6156054952534558761}
  m_PrefabAsset: {fileID: 0}
--- !u!1001 &8016666377125997024
PrefabInstance:
  m_ObjectHideFlags: 0
  serializedVersion: 2
  m_Modification:
    m_TransformParent: {fileID: 6156054952534692527}
    m_Modifications:
    - target: {fileID: 878787690634796009, guid: 80a1c11596afc5b4e99fcd0cc136f3ed,
        type: 3}
      propertyPath: m_RootOrder
      value: 6
      objectReference: {fileID: 0}
    - target: {fileID: 878787690634796009, guid: 80a1c11596afc5b4e99fcd0cc136f3ed,
        type: 3}
      propertyPath: m_LocalPosition.x
      value: 0
      objectReference: {fileID: 0}
    - target: {fileID: 878787690634796009, guid: 80a1c11596afc5b4e99fcd0cc136f3ed,
        type: 3}
      propertyPath: m_LocalPosition.y
      value: 0
      objectReference: {fileID: 0}
    - target: {fileID: 878787690634796009, guid: 80a1c11596afc5b4e99fcd0cc136f3ed,
        type: 3}
      propertyPath: m_LocalPosition.z
      value: 0
      objectReference: {fileID: 0}
    - target: {fileID: 878787690634796009, guid: 80a1c11596afc5b4e99fcd0cc136f3ed,
        type: 3}
      propertyPath: m_LocalRotation.w
      value: 1
      objectReference: {fileID: 0}
    - target: {fileID: 878787690634796009, guid: 80a1c11596afc5b4e99fcd0cc136f3ed,
        type: 3}
      propertyPath: m_LocalRotation.x
      value: 0
      objectReference: {fileID: 0}
    - target: {fileID: 878787690634796009, guid: 80a1c11596afc5b4e99fcd0cc136f3ed,
        type: 3}
      propertyPath: m_LocalRotation.y
      value: 0
      objectReference: {fileID: 0}
    - target: {fileID: 878787690634796009, guid: 80a1c11596afc5b4e99fcd0cc136f3ed,
        type: 3}
      propertyPath: m_LocalRotation.z
      value: 0
      objectReference: {fileID: 0}
    - target: {fileID: 878787690634796009, guid: 80a1c11596afc5b4e99fcd0cc136f3ed,
        type: 3}
      propertyPath: m_LocalEulerAnglesHint.x
      value: 0
      objectReference: {fileID: 0}
    - target: {fileID: 878787690634796009, guid: 80a1c11596afc5b4e99fcd0cc136f3ed,
        type: 3}
      propertyPath: m_LocalEulerAnglesHint.y
      value: 0
      objectReference: {fileID: 0}
    - target: {fileID: 878787690634796009, guid: 80a1c11596afc5b4e99fcd0cc136f3ed,
        type: 3}
      propertyPath: m_LocalEulerAnglesHint.z
      value: 0
      objectReference: {fileID: 0}
    - target: {fileID: 4134168188543666222, guid: 80a1c11596afc5b4e99fcd0cc136f3ed,
        type: 3}
      propertyPath: m_Name
      value: VFX_AngrySteamTurret
      objectReference: {fileID: 0}
    - target: {fileID: 6902821650146442548, guid: 80a1c11596afc5b4e99fcd0cc136f3ed,
        type: 3}
      propertyPath: m_Materials.Array.size
      value: 1
      objectReference: {fileID: 0}
    - target: {fileID: 6989503427151715484, guid: 80a1c11596afc5b4e99fcd0cc136f3ed,
        type: 3}
      propertyPath: ShapeModule.angle
      value: 64.78277
      objectReference: {fileID: 0}
    - target: {fileID: 6989503427151715484, guid: 80a1c11596afc5b4e99fcd0cc136f3ed,
        type: 3}
      propertyPath: moveWithTransform
      value: 0
      objectReference: {fileID: 0}
    - target: {fileID: 6989503427151715484, guid: 80a1c11596afc5b4e99fcd0cc136f3ed,
        type: 3}
      propertyPath: ClampVelocityModule.dampen
      value: 0.1
      objectReference: {fileID: 0}
    - target: {fileID: 6989503427151715484, guid: 80a1c11596afc5b4e99fcd0cc136f3ed,
        type: 3}
      propertyPath: ShapeModule.radiusThickness
      value: 0.12
      objectReference: {fileID: 0}
    - target: {fileID: 6989503427151715484, guid: 80a1c11596afc5b4e99fcd0cc136f3ed,
        type: 3}
      propertyPath: InitialModule.startSize.scalar
      value: 5.96
      objectReference: {fileID: 0}
    - target: {fileID: 6989503427151715484, guid: 80a1c11596afc5b4e99fcd0cc136f3ed,
        type: 3}
      propertyPath: ClampVelocityModule.drag.scalar
      value: 0.05
      objectReference: {fileID: 0}
    - target: {fileID: 6989503427151715484, guid: 80a1c11596afc5b4e99fcd0cc136f3ed,
        type: 3}
      propertyPath: InitialModule.startSpeed.scalar
      value: 5.3
      objectReference: {fileID: 0}
    - target: {fileID: 6989503427151715484, guid: 80a1c11596afc5b4e99fcd0cc136f3ed,
        type: 3}
      propertyPath: EmissionModule.rateOverTime.scalar
      value: 0
      objectReference: {fileID: 0}
    - target: {fileID: 6989503427151715484, guid: 80a1c11596afc5b4e99fcd0cc136f3ed,
        type: 3}
      propertyPath: InitialModule.startLifetime.scalar
      value: 1
      objectReference: {fileID: 0}
    - target: {fileID: 6989503427151715484, guid: 80a1c11596afc5b4e99fcd0cc136f3ed,
        type: 3}
      propertyPath: EmissionModule.rateOverDistance.scalar
      value: 0
      objectReference: {fileID: 0}
    - target: {fileID: 6989503427151715484, guid: 80a1c11596afc5b4e99fcd0cc136f3ed,
        type: 3}
      propertyPath: EmissionModule.m_Bursts.Array.data[0].countCurve.scalar
      value: 10
      objectReference: {fileID: 0}
    m_RemovedComponents: []
  m_SourcePrefab: {fileID: 100100000, guid: 80a1c11596afc5b4e99fcd0cc136f3ed, type: 3}
--- !u!198 &1134730966412653948 stripped
ParticleSystem:
  m_CorrespondingSourceObject: {fileID: 6989503427151715484, guid: 80a1c11596afc5b4e99fcd0cc136f3ed,
    type: 3}
  m_PrefabInstance: {fileID: 8016666377125997024}
  m_PrefabAsset: {fileID: 0}
