%YAML 1.1
%TAG !u! tag:unity3d.com,2011:
--- !u!1 &6945920775193513068
GameObject:
  m_ObjectHideFlags: 0
  m_CorrespondingSourceObject: {fileID: 0}
  m_PrefabInstance: {fileID: 0}
  m_PrefabAsset: {fileID: 0}
  serializedVersion: 6
  m_Component:
  - component: {fileID: 9052275411431328719}
  m_Layer: 0
  m_Name: Basic_Floor 2x2
  m_TagString: Untagged
  m_Icon: {fileID: 0}
  m_NavMeshLayer: 0
  m_StaticEditorFlags: 4294967295
  m_IsActive: 1
--- !u!4 &9052275411431328719
Transform:
  m_ObjectHideFlags: 0
  m_CorrespondingSourceObject: {fileID: 0}
  m_PrefabInstance: {fileID: 0}
  m_PrefabAsset: {fileID: 0}
  m_GameObject: {fileID: 6945920775193513068}
  m_LocalRotation: {x: 0, y: 0, z: 0, w: 1}
  m_LocalPosition: {x: 0, y: 0, z: 0}
  m_LocalScale: {x: 1, y: 1, z: 1}
  m_Children:
  - {fileID: 406521919626723889}
  - {fileID: 5945212656660815732}
  - {fileID: 3511703520542226125}
  - {fileID: 2771745860333848023}
  m_Father: {fileID: 0}
  m_RootOrder: 0
  m_LocalEulerAnglesHint: {x: 0, y: 0, z: 0}
--- !u!1001 &212109233582024697
PrefabInstance:
  m_ObjectHideFlags: 0
  serializedVersion: 2
  m_Modification:
    m_TransformParent: {fileID: 9052275411431328719}
    m_Modifications:
    - target: {fileID: 528559090865760040, guid: 2a86e4ba493cd034cbc2c5713da1a643,
        type: 3}
      propertyPath: m_Materials.Array.data[0]
      value: 
      objectReference: {fileID: 2100000, guid: 54467b40f00d51e4f99431206187868a, type: 2}
    - target: {fileID: 528559090865760040, guid: 2a86e4ba493cd034cbc2c5713da1a643,
        type: 3}
      propertyPath: m_Materials.Array.data[1]
      value: 
      objectReference: {fileID: 2100000, guid: 7a98f3dc3740ce34ebdd625def056284, type: 2}
    - target: {fileID: 528559090867763688, guid: 2a86e4ba493cd034cbc2c5713da1a643,
        type: 3}
      propertyPath: m_Name
      value: Mesh
      objectReference: {fileID: 0}
    - target: {fileID: 528559090867763688, guid: 2a86e4ba493cd034cbc2c5713da1a643,
        type: 3}
      propertyPath: m_StaticEditorFlags
      value: 4294967295
      objectReference: {fileID: 0}
    - target: {fileID: 528559090868053448, guid: 2a86e4ba493cd034cbc2c5713da1a643,
        type: 3}
      propertyPath: m_RootOrder
      value: 0
      objectReference: {fileID: 0}
    - target: {fileID: 528559090868053448, guid: 2a86e4ba493cd034cbc2c5713da1a643,
        type: 3}
      propertyPath: m_LocalPosition.x
      value: 3
      objectReference: {fileID: 0}
    - target: {fileID: 528559090868053448, guid: 2a86e4ba493cd034cbc2c5713da1a643,
        type: 3}
      propertyPath: m_LocalPosition.y
      value: 0
      objectReference: {fileID: 0}
    - target: {fileID: 528559090868053448, guid: 2a86e4ba493cd034cbc2c5713da1a643,
        type: 3}
      propertyPath: m_LocalPosition.z
      value: 0
      objectReference: {fileID: 0}
    - target: {fileID: 528559090868053448, guid: 2a86e4ba493cd034cbc2c5713da1a643,
        type: 3}
      propertyPath: m_LocalRotation.w
      value: 0.7071068
      objectReference: {fileID: 0}
    - target: {fileID: 528559090868053448, guid: 2a86e4ba493cd034cbc2c5713da1a643,
        type: 3}
      propertyPath: m_LocalRotation.x
      value: 0
      objectReference: {fileID: 0}
    - target: {fileID: 528559090868053448, guid: 2a86e4ba493cd034cbc2c5713da1a643,
        type: 3}
      propertyPath: m_LocalRotation.y
      value: -0.7071068
      objectReference: {fileID: 0}
    - target: {fileID: 528559090868053448, guid: 2a86e4ba493cd034cbc2c5713da1a643,
        type: 3}
      propertyPath: m_LocalRotation.z
      value: 0
      objectReference: {fileID: 0}
    - target: {fileID: 528559090868053448, guid: 2a86e4ba493cd034cbc2c5713da1a643,
        type: 3}
      propertyPath: m_LocalEulerAnglesHint.x
      value: 0
      objectReference: {fileID: 0}
    - target: {fileID: 528559090868053448, guid: 2a86e4ba493cd034cbc2c5713da1a643,
        type: 3}
      propertyPath: m_LocalEulerAnglesHint.y
      value: -90
      objectReference: {fileID: 0}
    - target: {fileID: 528559090868053448, guid: 2a86e4ba493cd034cbc2c5713da1a643,
        type: 3}
      propertyPath: m_LocalEulerAnglesHint.z
      value: 0
      objectReference: {fileID: 0}
    m_RemovedComponents: []
  m_SourcePrefab: {fileID: 100100000, guid: 2a86e4ba493cd034cbc2c5713da1a643, type: 3}
--- !u!4 &406521919626723889 stripped
Transform:
  m_CorrespondingSourceObject: {fileID: 528559090868053448, guid: 2a86e4ba493cd034cbc2c5713da1a643,
    type: 3}
  m_PrefabInstance: {fileID: 212109233582024697}
  m_PrefabAsset: {fileID: 0}
--- !u!1001 &2387727616756260895
PrefabInstance:
  m_ObjectHideFlags: 0
  serializedVersion: 2
  m_Modification:
    m_TransformParent: {fileID: 9052275411431328719}
    m_Modifications:
    - target: {fileID: 528559090865760040, guid: 2a86e4ba493cd034cbc2c5713da1a643,
        type: 3}
      propertyPath: m_Materials.Array.data[0]
      value: 
      objectReference: {fileID: 2100000, guid: 54467b40f00d51e4f99431206187868a, type: 2}
    - target: {fileID: 528559090865760040, guid: 2a86e4ba493cd034cbc2c5713da1a643,
        type: 3}
      propertyPath: m_Materials.Array.data[1]
      value: 
      objectReference: {fileID: 2100000, guid: 7a98f3dc3740ce34ebdd625def056284, type: 2}
    - target: {fileID: 528559090867763688, guid: 2a86e4ba493cd034cbc2c5713da1a643,
        type: 3}
      propertyPath: m_Name
      value: Mesh (3)
      objectReference: {fileID: 0}
    - target: {fileID: 528559090867763688, guid: 2a86e4ba493cd034cbc2c5713da1a643,
        type: 3}
      propertyPath: m_StaticEditorFlags
      value: 4294967295
      objectReference: {fileID: 0}
    - target: {fileID: 528559090868053448, guid: 2a86e4ba493cd034cbc2c5713da1a643,
        type: 3}
      propertyPath: m_RootOrder
      value: 3
      objectReference: {fileID: 0}
    - target: {fileID: 528559090868053448, guid: 2a86e4ba493cd034cbc2c5713da1a643,
        type: 3}
      propertyPath: m_LocalPosition.x
      value: 5.9999995
      objectReference: {fileID: 0}
    - target: {fileID: 528559090868053448, guid: 2a86e4ba493cd034cbc2c5713da1a643,
        type: 3}
      propertyPath: m_LocalPosition.y
      value: 0
      objectReference: {fileID: 0}
    - target: {fileID: 528559090868053448, guid: 2a86e4ba493cd034cbc2c5713da1a643,
        type: 3}
      propertyPath: m_LocalPosition.z
      value: 3.0000002
      objectReference: {fileID: 0}
    - target: {fileID: 528559090868053448, guid: 2a86e4ba493cd034cbc2c5713da1a643,
        type: 3}
      propertyPath: m_LocalRotation.w
      value: 0.7071068
      objectReference: {fileID: 0}
    - target: {fileID: 528559090868053448, guid: 2a86e4ba493cd034cbc2c5713da1a643,
        type: 3}
      propertyPath: m_LocalRotation.x
      value: 0
      objectReference: {fileID: 0}
    - target: {fileID: 528559090868053448, guid: 2a86e4ba493cd034cbc2c5713da1a643,
        type: 3}
      propertyPath: m_LocalRotation.y
      value: -0.7071068
      objectReference: {fileID: 0}
    - target: {fileID: 528559090868053448, guid: 2a86e4ba493cd034cbc2c5713da1a643,
        type: 3}
      propertyPath: m_LocalRotation.z
      value: 0
      objectReference: {fileID: 0}
    - target: {fileID: 528559090868053448, guid: 2a86e4ba493cd034cbc2c5713da1a643,
        type: 3}
      propertyPath: m_LocalEulerAnglesHint.x
      value: 0
      objectReference: {fileID: 0}
    - target: {fileID: 528559090868053448, guid: 2a86e4ba493cd034cbc2c5713da1a643,
        type: 3}
      propertyPath: m_LocalEulerAnglesHint.y
      value: -90
      objectReference: {fileID: 0}
    - target: {fileID: 528559090868053448, guid: 2a86e4ba493cd034cbc2c5713da1a643,
        type: 3}
      propertyPath: m_LocalEulerAnglesHint.z
      value: 0
      objectReference: {fileID: 0}
    m_RemovedComponents: []
  m_SourcePrefab: {fileID: 100100000, guid: 2a86e4ba493cd034cbc2c5713da1a643, type: 3}
--- !u!4 &2771745860333848023 stripped
Transform:
  m_CorrespondingSourceObject: {fileID: 528559090868053448, guid: 2a86e4ba493cd034cbc2c5713da1a643,
    type: 3}
  m_PrefabInstance: {fileID: 2387727616756260895}
  m_PrefabAsset: {fileID: 0}
--- !u!1001 &4028964708514403077
PrefabInstance:
  m_ObjectHideFlags: 0
  serializedVersion: 2
  m_Modification:
    m_TransformParent: {fileID: 9052275411431328719}
    m_Modifications:
    - target: {fileID: 528559090865760040, guid: 2a86e4ba493cd034cbc2c5713da1a643,
        type: 3}
      propertyPath: m_Materials.Array.data[0]
      value: 
      objectReference: {fileID: 2100000, guid: 54467b40f00d51e4f99431206187868a, type: 2}
    - target: {fileID: 528559090865760040, guid: 2a86e4ba493cd034cbc2c5713da1a643,
        type: 3}
      propertyPath: m_Materials.Array.data[1]
      value: 
      objectReference: {fileID: 2100000, guid: 7a98f3dc3740ce34ebdd625def056284, type: 2}
    - target: {fileID: 528559090867763688, guid: 2a86e4ba493cd034cbc2c5713da1a643,
        type: 3}
      propertyPath: m_Name
      value: Mesh (2)
      objectReference: {fileID: 0}
    - target: {fileID: 528559090867763688, guid: 2a86e4ba493cd034cbc2c5713da1a643,
        type: 3}
      propertyPath: m_StaticEditorFlags
      value: 4294967295
      objectReference: {fileID: 0}
    - target: {fileID: 528559090868053448, guid: 2a86e4ba493cd034cbc2c5713da1a643,
        type: 3}
      propertyPath: m_RootOrder
      value: 2
      objectReference: {fileID: 0}
    - target: {fileID: 528559090868053448, guid: 2a86e4ba493cd034cbc2c5713da1a643,
        type: 3}
      propertyPath: m_LocalPosition.x
      value: 6
      objectReference: {fileID: 0}
    - target: {fileID: 528559090868053448, guid: 2a86e4ba493cd034cbc2c5713da1a643,
        type: 3}
      propertyPath: m_LocalPosition.y
      value: 0
      objectReference: {fileID: 0}
    - target: {fileID: 528559090868053448, guid: 2a86e4ba493cd034cbc2c5713da1a643,
        type: 3}
      propertyPath: m_LocalPosition.z
      value: 0.00000023841858
      objectReference: {fileID: 0}
    - target: {fileID: 528559090868053448, guid: 2a86e4ba493cd034cbc2c5713da1a643,
        type: 3}
      propertyPath: m_LocalRotation.w
      value: 0.7071068
      objectReference: {fileID: 0}
    - target: {fileID: 528559090868053448, guid: 2a86e4ba493cd034cbc2c5713da1a643,
        type: 3}
      propertyPath: m_LocalRotation.x
      value: 0
      objectReference: {fileID: 0}
    - target: {fileID: 528559090868053448, guid: 2a86e4ba493cd034cbc2c5713da1a643,
        type: 3}
      propertyPath: m_LocalRotation.y
      value: -0.7071068
      objectReference: {fileID: 0}
    - target: {fileID: 528559090868053448, guid: 2a86e4ba493cd034cbc2c5713da1a643,
        type: 3}
      propertyPath: m_LocalRotation.z
      value: 0
      objectReference: {fileID: 0}
    - target: {fileID: 528559090868053448, guid: 2a86e4ba493cd034cbc2c5713da1a643,
        type: 3}
      propertyPath: m_LocalEulerAnglesHint.x
      value: 0
      objectReference: {fileID: 0}
    - target: {fileID: 528559090868053448, guid: 2a86e4ba493cd034cbc2c5713da1a643,
        type: 3}
      propertyPath: m_LocalEulerAnglesHint.y
      value: -90
      objectReference: {fileID: 0}
    - target: {fileID: 528559090868053448, guid: 2a86e4ba493cd034cbc2c5713da1a643,
        type: 3}
      propertyPath: m_LocalEulerAnglesHint.z
      value: 0
      objectReference: {fileID: 0}
    m_RemovedComponents: []
  m_SourcePrefab: {fileID: 100100000, guid: 2a86e4ba493cd034cbc2c5713da1a643, type: 3}
--- !u!4 &3511703520542226125 stripped
Transform:
  m_CorrespondingSourceObject: {fileID: 528559090868053448, guid: 2a86e4ba493cd034cbc2c5713da1a643,
    type: 3}
  m_PrefabInstance: {fileID: 4028964708514403077}
  m_PrefabAsset: {fileID: 0}
--- !u!1001 &6184694463941769916
PrefabInstance:
  m_ObjectHideFlags: 0
  serializedVersion: 2
  m_Modification:
    m_TransformParent: {fileID: 9052275411431328719}
    m_Modifications:
    - target: {fileID: 528559090865760040, guid: 2a86e4ba493cd034cbc2c5713da1a643,
        type: 3}
      propertyPath: m_Materials.Array.data[0]
      value: 
      objectReference: {fileID: 2100000, guid: 54467b40f00d51e4f99431206187868a, type: 2}
    - target: {fileID: 528559090865760040, guid: 2a86e4ba493cd034cbc2c5713da1a643,
        type: 3}
      propertyPath: m_Materials.Array.data[1]
      value: 
      objectReference: {fileID: 2100000, guid: 7a98f3dc3740ce34ebdd625def056284, type: 2}
    - target: {fileID: 528559090867763688, guid: 2a86e4ba493cd034cbc2c5713da1a643,
        type: 3}
      propertyPath: m_Name
      value: Mesh (1)
      objectReference: {fileID: 0}
    - target: {fileID: 528559090867763688, guid: 2a86e4ba493cd034cbc2c5713da1a643,
        type: 3}
      propertyPath: m_StaticEditorFlags
      value: 4294967295
      objectReference: {fileID: 0}
    - target: {fileID: 528559090868053448, guid: 2a86e4ba493cd034cbc2c5713da1a643,
        type: 3}
      propertyPath: m_RootOrder
      value: 1
      objectReference: {fileID: 0}
    - target: {fileID: 528559090868053448, guid: 2a86e4ba493cd034cbc2c5713da1a643,
        type: 3}
      propertyPath: m_LocalPosition.x
      value: 2.9999995
      objectReference: {fileID: 0}
    - target: {fileID: 528559090868053448, guid: 2a86e4ba493cd034cbc2c5713da1a643,
        type: 3}
      propertyPath: m_LocalPosition.y
      value: 0
      objectReference: {fileID: 0}
    - target: {fileID: 528559090868053448, guid: 2a86e4ba493cd034cbc2c5713da1a643,
        type: 3}
      propertyPath: m_LocalPosition.z
      value: 3
      objectReference: {fileID: 0}
    - target: {fileID: 528559090868053448, guid: 2a86e4ba493cd034cbc2c5713da1a643,
        type: 3}
      propertyPath: m_LocalRotation.w
      value: 0.7071068
      objectReference: {fileID: 0}
    - target: {fileID: 528559090868053448, guid: 2a86e4ba493cd034cbc2c5713da1a643,
        type: 3}
      propertyPath: m_LocalRotation.x
      value: 0
      objectReference: {fileID: 0}
    - target: {fileID: 528559090868053448, guid: 2a86e4ba493cd034cbc2c5713da1a643,
        type: 3}
      propertyPath: m_LocalRotation.y
      value: -0.7071068
      objectReference: {fileID: 0}
    - target: {fileID: 528559090868053448, guid: 2a86e4ba493cd034cbc2c5713da1a643,
        type: 3}
      propertyPath: m_LocalRotation.z
      value: 0
      objectReference: {fileID: 0}
    - target: {fileID: 528559090868053448, guid: 2a86e4ba493cd034cbc2c5713da1a643,
        type: 3}
      propertyPath: m_LocalEulerAnglesHint.x
      value: 0
      objectReference: {fileID: 0}
    - target: {fileID: 528559090868053448, guid: 2a86e4ba493cd034cbc2c5713da1a643,
        type: 3}
      propertyPath: m_LocalEulerAnglesHint.y
      value: -90
      objectReference: {fileID: 0}
    - target: {fileID: 528559090868053448, guid: 2a86e4ba493cd034cbc2c5713da1a643,
        type: 3}
      propertyPath: m_LocalEulerAnglesHint.z
      value: 0
      objectReference: {fileID: 0}
    m_RemovedComponents: []
  m_SourcePrefab: {fileID: 100100000, guid: 2a86e4ba493cd034cbc2c5713da1a643, type: 3}
--- !u!4 &5945212656660815732 stripped
Transform:
  m_CorrespondingSourceObject: {fileID: 528559090868053448, guid: 2a86e4ba493cd034cbc2c5713da1a643,
    type: 3}
  m_PrefabInstance: {fileID: 6184694463941769916}
  m_PrefabAsset: {fileID: 0}
