%YAML 1.1
%TAG !u! tag:unity3d.com,2011:
--- !u!1 &743991881325464445
GameObject:
  m_ObjectHideFlags: 0
  m_CorrespondingSourceObject: {fileID: 0}
  m_PrefabInstance: {fileID: 0}
  m_PrefabAsset: {fileID: 0}
  serializedVersion: 6
  m_Component:
  - component: {fileID: 1721670794042777093}
  m_Layer: 0
  m_Name: Wall_4mx5
  m_TagString: Untagged
  m_Icon: {fileID: 0}
  m_NavMeshLayer: 0
  m_StaticEditorFlags: 4294967295
  m_IsActive: 1
--- !u!4 &1721670794042777093
Transform:
  m_ObjectHideFlags: 0
  m_CorrespondingSourceObject: {fileID: 0}
  m_PrefabInstance: {fileID: 0}
  m_PrefabAsset: {fileID: 0}
  m_GameObject: {fileID: 743991881325464445}
  m_LocalRotation: {x: -0, y: -0, z: -0, w: 1}
  m_LocalPosition: {x: 0, y: 0, z: 0}
  m_LocalScale: {x: 1, y: 1, z: 1}
  m_Children:
  - {fileID: 5752862113517132287}
  - {fileID: 6976805421339965463}
  - {fileID: 2269721894224202712}
  - {fileID: 837781838557764453}
  - {fileID: 2763336318043705847}
  m_Father: {fileID: 0}
  m_RootOrder: 0
  m_LocalEulerAnglesHint: {x: 0, y: 0, z: 0}
--- !u!1001 &137272181231487173
PrefabInstance:
  m_ObjectHideFlags: 0
  serializedVersion: 2
  m_Modification:
    m_TransformParent: {fileID: 1721670794042777093}
    m_Modifications:
    - target: {fileID: 2863981429959941074, guid: 4f42672477f836a4281ef4c3bdfe6d05,
        type: 3}
      propertyPath: m_Materials.Array.data[1]
      value: 
      objectReference: {fileID: 2100000, guid: 1bb33c0d66db8ec4eb0dfefecc4c690f, type: 2}
    - target: {fileID: 2863981429961868562, guid: 4f42672477f836a4281ef4c3bdfe6d05,
        type: 3}
      propertyPath: m_Name
      value: Mesh (4)
      objectReference: {fileID: 0}
    - target: {fileID: 2863981429962234162, guid: 4f42672477f836a4281ef4c3bdfe6d05,
        type: 3}
      propertyPath: m_RootOrder
      value: 4
      objectReference: {fileID: 0}
    - target: {fileID: 2863981429962234162, guid: 4f42672477f836a4281ef4c3bdfe6d05,
        type: 3}
      propertyPath: m_LocalPosition.x
      value: 0
      objectReference: {fileID: 0}
    - target: {fileID: 2863981429962234162, guid: 4f42672477f836a4281ef4c3bdfe6d05,
        type: 3}
      propertyPath: m_LocalPosition.y
      value: 0
      objectReference: {fileID: 0}
    - target: {fileID: 2863981429962234162, guid: 4f42672477f836a4281ef4c3bdfe6d05,
        type: 3}
      propertyPath: m_LocalPosition.z
      value: 12
      objectReference: {fileID: 0}
    - target: {fileID: 2863981429962234162, guid: 4f42672477f836a4281ef4c3bdfe6d05,
        type: 3}
      propertyPath: m_LocalRotation.w
      value: 1
      objectReference: {fileID: 0}
    - target: {fileID: 2863981429962234162, guid: 4f42672477f836a4281ef4c3bdfe6d05,
        type: 3}
      propertyPath: m_LocalRotation.x
      value: 0
      objectReference: {fileID: 0}
    - target: {fileID: 2863981429962234162, guid: 4f42672477f836a4281ef4c3bdfe6d05,
        type: 3}
      propertyPath: m_LocalRotation.y
      value: -0
      objectReference: {fileID: 0}
    - target: {fileID: 2863981429962234162, guid: 4f42672477f836a4281ef4c3bdfe6d05,
        type: 3}
      propertyPath: m_LocalRotation.z
      value: -0
      objectReference: {fileID: 0}
    - target: {fileID: 2863981429962234162, guid: 4f42672477f836a4281ef4c3bdfe6d05,
        type: 3}
      propertyPath: m_LocalEulerAnglesHint.x
      value: 0
      objectReference: {fileID: 0}
    - target: {fileID: 2863981429962234162, guid: 4f42672477f836a4281ef4c3bdfe6d05,
        type: 3}
      propertyPath: m_LocalEulerAnglesHint.y
      value: 0
      objectReference: {fileID: 0}
    - target: {fileID: 2863981429962234162, guid: 4f42672477f836a4281ef4c3bdfe6d05,
        type: 3}
      propertyPath: m_LocalEulerAnglesHint.z
      value: 0
      objectReference: {fileID: 0}
    m_RemovedComponents: []
  m_SourcePrefab: {fileID: 100100000, guid: 4f42672477f836a4281ef4c3bdfe6d05, type: 3}
--- !u!4 &2763336318043705847 stripped
Transform:
  m_CorrespondingSourceObject: {fileID: 2863981429962234162, guid: 4f42672477f836a4281ef4c3bdfe6d05,
    type: 3}
  m_PrefabInstance: {fileID: 137272181231487173}
  m_PrefabAsset: {fileID: 0}
--- !u!1001 &3179121097840034391
PrefabInstance:
  m_ObjectHideFlags: 0
  serializedVersion: 2
  m_Modification:
    m_TransformParent: {fileID: 1721670794042777093}
    m_Modifications:
    - target: {fileID: 2863981429959941074, guid: 4f42672477f836a4281ef4c3bdfe6d05,
        type: 3}
      propertyPath: m_Materials.Array.data[1]
      value: 
      objectReference: {fileID: 2100000, guid: 1bb33c0d66db8ec4eb0dfefecc4c690f, type: 2}
    - target: {fileID: 2863981429961868562, guid: 4f42672477f836a4281ef4c3bdfe6d05,
        type: 3}
      propertyPath: m_Name
      value: Mesh (3)
      objectReference: {fileID: 0}
    - target: {fileID: 2863981429962234162, guid: 4f42672477f836a4281ef4c3bdfe6d05,
        type: 3}
      propertyPath: m_RootOrder
      value: 3
      objectReference: {fileID: 0}
    - target: {fileID: 2863981429962234162, guid: 4f42672477f836a4281ef4c3bdfe6d05,
        type: 3}
      propertyPath: m_LocalPosition.x
      value: 0
      objectReference: {fileID: 0}
    - target: {fileID: 2863981429962234162, guid: 4f42672477f836a4281ef4c3bdfe6d05,
        type: 3}
      propertyPath: m_LocalPosition.y
      value: 0
      objectReference: {fileID: 0}
    - target: {fileID: 2863981429962234162, guid: 4f42672477f836a4281ef4c3bdfe6d05,
        type: 3}
      propertyPath: m_LocalPosition.z
      value: 9
      objectReference: {fileID: 0}
    - target: {fileID: 2863981429962234162, guid: 4f42672477f836a4281ef4c3bdfe6d05,
        type: 3}
      propertyPath: m_LocalRotation.w
      value: 1
      objectReference: {fileID: 0}
    - target: {fileID: 2863981429962234162, guid: 4f42672477f836a4281ef4c3bdfe6d05,
        type: 3}
      propertyPath: m_LocalRotation.x
      value: 0
      objectReference: {fileID: 0}
    - target: {fileID: 2863981429962234162, guid: 4f42672477f836a4281ef4c3bdfe6d05,
        type: 3}
      propertyPath: m_LocalRotation.y
      value: -0
      objectReference: {fileID: 0}
    - target: {fileID: 2863981429962234162, guid: 4f42672477f836a4281ef4c3bdfe6d05,
        type: 3}
      propertyPath: m_LocalRotation.z
      value: -0
      objectReference: {fileID: 0}
    - target: {fileID: 2863981429962234162, guid: 4f42672477f836a4281ef4c3bdfe6d05,
        type: 3}
      propertyPath: m_LocalEulerAnglesHint.x
      value: 0
      objectReference: {fileID: 0}
    - target: {fileID: 2863981429962234162, guid: 4f42672477f836a4281ef4c3bdfe6d05,
        type: 3}
      propertyPath: m_LocalEulerAnglesHint.y
      value: 0
      objectReference: {fileID: 0}
    - target: {fileID: 2863981429962234162, guid: 4f42672477f836a4281ef4c3bdfe6d05,
        type: 3}
      propertyPath: m_LocalEulerAnglesHint.z
      value: 0
      objectReference: {fileID: 0}
    m_RemovedComponents: []
  m_SourcePrefab: {fileID: 100100000, guid: 4f42672477f836a4281ef4c3bdfe6d05, type: 3}
--- !u!4 &837781838557764453 stripped
Transform:
  m_CorrespondingSourceObject: {fileID: 2863981429962234162, guid: 4f42672477f836a4281ef4c3bdfe6d05,
    type: 3}
  m_PrefabInstance: {fileID: 3179121097840034391}
  m_PrefabAsset: {fileID: 0}
--- !u!1001 &4089633389120836330
PrefabInstance:
  m_ObjectHideFlags: 0
  serializedVersion: 2
  m_Modification:
    m_TransformParent: {fileID: 1721670794042777093}
    m_Modifications:
    - target: {fileID: 2863981429959941074, guid: 4f42672477f836a4281ef4c3bdfe6d05,
        type: 3}
      propertyPath: m_Materials.Array.data[1]
      value: 
      objectReference: {fileID: 2100000, guid: 1bb33c0d66db8ec4eb0dfefecc4c690f, type: 2}
    - target: {fileID: 2863981429961868562, guid: 4f42672477f836a4281ef4c3bdfe6d05,
        type: 3}
      propertyPath: m_Name
      value: Mesh (2)
      objectReference: {fileID: 0}
    - target: {fileID: 2863981429962234162, guid: 4f42672477f836a4281ef4c3bdfe6d05,
        type: 3}
      propertyPath: m_RootOrder
      value: 2
      objectReference: {fileID: 0}
    - target: {fileID: 2863981429962234162, guid: 4f42672477f836a4281ef4c3bdfe6d05,
        type: 3}
      propertyPath: m_LocalPosition.x
      value: 0
      objectReference: {fileID: 0}
    - target: {fileID: 2863981429962234162, guid: 4f42672477f836a4281ef4c3bdfe6d05,
        type: 3}
      propertyPath: m_LocalPosition.y
      value: 0
      objectReference: {fileID: 0}
    - target: {fileID: 2863981429962234162, guid: 4f42672477f836a4281ef4c3bdfe6d05,
        type: 3}
      propertyPath: m_LocalPosition.z
      value: 6
      objectReference: {fileID: 0}
    - target: {fileID: 2863981429962234162, guid: 4f42672477f836a4281ef4c3bdfe6d05,
        type: 3}
      propertyPath: m_LocalRotation.w
      value: 1
      objectReference: {fileID: 0}
    - target: {fileID: 2863981429962234162, guid: 4f42672477f836a4281ef4c3bdfe6d05,
        type: 3}
      propertyPath: m_LocalRotation.x
      value: 0
      objectReference: {fileID: 0}
    - target: {fileID: 2863981429962234162, guid: 4f42672477f836a4281ef4c3bdfe6d05,
        type: 3}
      propertyPath: m_LocalRotation.y
      value: -0
      objectReference: {fileID: 0}
    - target: {fileID: 2863981429962234162, guid: 4f42672477f836a4281ef4c3bdfe6d05,
        type: 3}
      propertyPath: m_LocalRotation.z
      value: -0
      objectReference: {fileID: 0}
    - target: {fileID: 2863981429962234162, guid: 4f42672477f836a4281ef4c3bdfe6d05,
        type: 3}
      propertyPath: m_LocalEulerAnglesHint.x
      value: 0
      objectReference: {fileID: 0}
    - target: {fileID: 2863981429962234162, guid: 4f42672477f836a4281ef4c3bdfe6d05,
        type: 3}
      propertyPath: m_LocalEulerAnglesHint.y
      value: 0
      objectReference: {fileID: 0}
    - target: {fileID: 2863981429962234162, guid: 4f42672477f836a4281ef4c3bdfe6d05,
        type: 3}
      propertyPath: m_LocalEulerAnglesHint.z
      value: 0
      objectReference: {fileID: 0}
    m_RemovedComponents: []
  m_SourcePrefab: {fileID: 100100000, guid: 4f42672477f836a4281ef4c3bdfe6d05, type: 3}
--- !u!4 &2269721894224202712 stripped
Transform:
  m_CorrespondingSourceObject: {fileID: 2863981429962234162, guid: 4f42672477f836a4281ef4c3bdfe6d05,
    type: 3}
  m_PrefabInstance: {fileID: 4089633389120836330}
  m_PrefabAsset: {fileID: 0}
--- !u!1001 &5146612165574795557
PrefabInstance:
  m_ObjectHideFlags: 0
  serializedVersion: 2
  m_Modification:
    m_TransformParent: {fileID: 1721670794042777093}
    m_Modifications:
    - target: {fileID: 2863981429959941074, guid: 4f42672477f836a4281ef4c3bdfe6d05,
        type: 3}
      propertyPath: m_Materials.Array.data[1]
      value: 
      objectReference: {fileID: 2100000, guid: 1bb33c0d66db8ec4eb0dfefecc4c690f, type: 2}
    - target: {fileID: 2863981429961868562, guid: 4f42672477f836a4281ef4c3bdfe6d05,
        type: 3}
      propertyPath: m_Name
      value: Mesh (1)
      objectReference: {fileID: 0}
    - target: {fileID: 2863981429962234162, guid: 4f42672477f836a4281ef4c3bdfe6d05,
        type: 3}
      propertyPath: m_RootOrder
      value: 1
      objectReference: {fileID: 0}
    - target: {fileID: 2863981429962234162, guid: 4f42672477f836a4281ef4c3bdfe6d05,
        type: 3}
      propertyPath: m_LocalPosition.x
      value: 0
      objectReference: {fileID: 0}
    - target: {fileID: 2863981429962234162, guid: 4f42672477f836a4281ef4c3bdfe6d05,
        type: 3}
      propertyPath: m_LocalPosition.y
      value: 0
      objectReference: {fileID: 0}
    - target: {fileID: 2863981429962234162, guid: 4f42672477f836a4281ef4c3bdfe6d05,
        type: 3}
      propertyPath: m_LocalPosition.z
      value: 3
      objectReference: {fileID: 0}
    - target: {fileID: 2863981429962234162, guid: 4f42672477f836a4281ef4c3bdfe6d05,
        type: 3}
      propertyPath: m_LocalRotation.w
      value: 1
      objectReference: {fileID: 0}
    - target: {fileID: 2863981429962234162, guid: 4f42672477f836a4281ef4c3bdfe6d05,
        type: 3}
      propertyPath: m_LocalRotation.x
      value: 0
      objectReference: {fileID: 0}
    - target: {fileID: 2863981429962234162, guid: 4f42672477f836a4281ef4c3bdfe6d05,
        type: 3}
      propertyPath: m_LocalRotation.y
      value: -0
      objectReference: {fileID: 0}
    - target: {fileID: 2863981429962234162, guid: 4f42672477f836a4281ef4c3bdfe6d05,
        type: 3}
      propertyPath: m_LocalRotation.z
      value: -0
      objectReference: {fileID: 0}
    - target: {fileID: 2863981429962234162, guid: 4f42672477f836a4281ef4c3bdfe6d05,
        type: 3}
      propertyPath: m_LocalEulerAnglesHint.x
      value: 0
      objectReference: {fileID: 0}
    - target: {fileID: 2863981429962234162, guid: 4f42672477f836a4281ef4c3bdfe6d05,
        type: 3}
      propertyPath: m_LocalEulerAnglesHint.y
      value: 0
      objectReference: {fileID: 0}
    - target: {fileID: 2863981429962234162, guid: 4f42672477f836a4281ef4c3bdfe6d05,
        type: 3}
      propertyPath: m_LocalEulerAnglesHint.z
      value: 0
      objectReference: {fileID: 0}
    m_RemovedComponents: []
  m_SourcePrefab: {fileID: 100100000, guid: 4f42672477f836a4281ef4c3bdfe6d05, type: 3}
--- !u!4 &6976805421339965463 stripped
Transform:
  m_CorrespondingSourceObject: {fileID: 2863981429962234162, guid: 4f42672477f836a4281ef4c3bdfe6d05,
    type: 3}
  m_PrefabInstance: {fileID: 5146612165574795557}
  m_PrefabAsset: {fileID: 0}
--- !u!1001 &7523441794437808333
PrefabInstance:
  m_ObjectHideFlags: 0
  serializedVersion: 2
  m_Modification:
    m_TransformParent: {fileID: 1721670794042777093}
    m_Modifications:
    - target: {fileID: 2863981429959941074, guid: 4f42672477f836a4281ef4c3bdfe6d05,
        type: 3}
      propertyPath: m_Materials.Array.data[1]
      value: 
      objectReference: {fileID: 2100000, guid: 1bb33c0d66db8ec4eb0dfefecc4c690f, type: 2}
    - target: {fileID: 2863981429961868562, guid: 4f42672477f836a4281ef4c3bdfe6d05,
        type: 3}
      propertyPath: m_Name
      value: Mesh
      objectReference: {fileID: 0}
    - target: {fileID: 2863981429962234162, guid: 4f42672477f836a4281ef4c3bdfe6d05,
        type: 3}
      propertyPath: m_RootOrder
      value: 0
      objectReference: {fileID: 0}
    - target: {fileID: 2863981429962234162, guid: 4f42672477f836a4281ef4c3bdfe6d05,
        type: 3}
      propertyPath: m_LocalPosition.x
      value: 0
      objectReference: {fileID: 0}
    - target: {fileID: 2863981429962234162, guid: 4f42672477f836a4281ef4c3bdfe6d05,
        type: 3}
      propertyPath: m_LocalPosition.y
      value: 0
      objectReference: {fileID: 0}
    - target: {fileID: 2863981429962234162, guid: 4f42672477f836a4281ef4c3bdfe6d05,
        type: 3}
      propertyPath: m_LocalPosition.z
      value: 0
      objectReference: {fileID: 0}
    - target: {fileID: 2863981429962234162, guid: 4f42672477f836a4281ef4c3bdfe6d05,
        type: 3}
      propertyPath: m_LocalRotation.w
      value: 1
      objectReference: {fileID: 0}
    - target: {fileID: 2863981429962234162, guid: 4f42672477f836a4281ef4c3bdfe6d05,
        type: 3}
      propertyPath: m_LocalRotation.x
      value: 0
      objectReference: {fileID: 0}
    - target: {fileID: 2863981429962234162, guid: 4f42672477f836a4281ef4c3bdfe6d05,
        type: 3}
      propertyPath: m_LocalRotation.y
      value: -0
      objectReference: {fileID: 0}
    - target: {fileID: 2863981429962234162, guid: 4f42672477f836a4281ef4c3bdfe6d05,
        type: 3}
      propertyPath: m_LocalRotation.z
      value: -0
      objectReference: {fileID: 0}
    - target: {fileID: 2863981429962234162, guid: 4f42672477f836a4281ef4c3bdfe6d05,
        type: 3}
      propertyPath: m_LocalEulerAnglesHint.x
      value: 0
      objectReference: {fileID: 0}
    - target: {fileID: 2863981429962234162, guid: 4f42672477f836a4281ef4c3bdfe6d05,
        type: 3}
      propertyPath: m_LocalEulerAnglesHint.y
      value: 0
      objectReference: {fileID: 0}
    - target: {fileID: 2863981429962234162, guid: 4f42672477f836a4281ef4c3bdfe6d05,
        type: 3}
      propertyPath: m_LocalEulerAnglesHint.z
      value: 0
      objectReference: {fileID: 0}
    m_RemovedComponents: []
  m_SourcePrefab: {fileID: 100100000, guid: 4f42672477f836a4281ef4c3bdfe6d05, type: 3}
--- !u!4 &5752862113517132287 stripped
Transform:
  m_CorrespondingSourceObject: {fileID: 2863981429962234162, guid: 4f42672477f836a4281ef4c3bdfe6d05,
    type: 3}
  m_PrefabInstance: {fileID: 7523441794437808333}
  m_PrefabAsset: {fileID: 0}
